3112 4874
734 409 755 475 5

198 624 254 677 quo
273 623 317 663 res
336 623 353 662 a
370 606 511 662 Hadriano
529 611 625 675 gestas
643 605 791 662 memoriae
808 604 916 674 prodit,
934 603 1053 665 maxima
1071 619 1133 660 cum
1150 603 1292 672 gravitate

197 701 281 764 atque
305 694 458 750 acerbitate
482 692 535 747 hoc
558 693 689 747 iudicium
713 687 1070 762 11111,,Ἆδριανόςδὲιῖπό
1094 694 1142 758 μὲν
1165 695 1293 761 Τραιανοῦ

198 780 245 834 οὔκ
264 778 420 846 incusaque,
445 779 501 834 duo
519 779 584 834 inde
601 778 747 834 manifesta
770 783 848 834 sunt:
875 778 1006 846 primum,
1029 777 1186 846 opinionem
1209 778 1292 845 illam,

199 884 254 938 qua
272 868 429 922 Hadrianus
448 883 465 920 a
483 866 602 921 Traiano
627 866 777 934 adoptatus
803 864 982 931 credebatur,
1006 863 1133 919 nimirum
1149 864 1292 919 Hadriano

196 955 259 1023 ipso
278 955 393 1022 eiusque
411 952 516 1007 libertis
535 951 704 1018 auctoribus,
722 952 777 1005 iam
795 965 995 1019 usquequaque
1013 950 1185 1019 divulgatam
1197 949 1292 1018 fuisse,

198 1040 298 1096 deinde
322 1047 414 1095 autem
433 1039 560 1094 Cassium
578 1039 695 1094 Dionem
720 1044 769 1092 aut
792 1038 886 1106 potius
911 1038 970 1094 eius
993 1043 1115 1106 patrem,
1140 1054 1196 1106 quo
1219 1043 1292 1094 teste

196 1126 327 1183 utebatur
345 1127 398 1195 (69,
416 1127 437 1194 I,
456 1125 544 1191 3-4),
563 1124 723 1182 certissimis
741 1124 912 1193 argumentis
930 1124 1023 1180 nixum
1042 1141 1112 1194 esse,
1130 1141 1201 1193 cum,
1219 1126 1248 1180 id
1263 1126 1292 1181 ni

197 1215 310 1282 fuisset,
334 1213 381 1268 vix
400 1213 564 1268 crediderim
583 1228 645 1267 eum
663 1217 720 1266 tam
738 1210 909 1268 confidenter
927 1217 1024 1267 contra
1041 1218 1197 1270 ceterorum
1214 1213 1292 1270 testi·

196 1302 287 1356 monia
303 1301 377 1356 illam
395 1300 573 1370 adoptionem
591 1299 782 1354 comenticiam
799 1299 944 1368 increpare
962 1315 1093 1355 ausurum
1110 1298 1204 1356 finisse.
1235 1299 1291 1356 Sed

196 1388 272 1457 apud
290 1388 466 1457 Spartianum
484 1402 595 1456 quoque
620 1386 744 1441 eiusdem
768 1385 915 1442 memoriae
933 1385 1083 1454 vestigium
1103 1386 1230 1442 relictum
1248 1393 1292 1444 est

198 1480 227 1529 et
243 1474 273 1528 id
291 1474 403 1542 quidem
426 1474 453 1528 iu
472 1488 505 1528 ea
528 1477 622 1542 parte,
647 1487 729 1542 quam
755 1470 811 1526 fide
830 1473 1019 1542 dignissimam
1036 1488 1098 1528 esse
1116 1471 1187 1528 inira
1203 1471 1292 1529 11111111

197 1559 402 1616 demonstrabo
419 1560 520 1629 Exstat
537 1559 561 1615 is
579 1559 656 1614 locus
675 1560 703 1614 in
721 1576 744 1615 c.
757 1561 806 1628 IX,
825 1559 873 1616 ubi
885 1566 991 1628 auctor,
1009 1566 1158 1630 postquam
1169 1560 1294 1616 narravit

197 1647 342 1702 Attianum
361 1652 389 1700 et
406 1645 526 1700 Similem
544 1645 721 1714 praefectura
744 1647 875 1702 abdicare
899 1652 1012 1703 coactos
1036 1662 1112 1715 esse,
1136 1647 1176 1701 ita
1198 1647 1294 1716 pergit

202 1733 361 1800 „summotis
378 1733 421 1788 his
440 1732 539 1801 quibus
558 1731 680 1790 debebat
696 1732 866 1802 imperium“.
897 1732 1003 1798 Quibus
1020 1732 1113 1788 verbis
1132 1733 1199 1802 quid
1217 1734 1293 1789 aliud

199 1819 379 1888 significetur,
396 1820 449 1876 nisi
466 1820 574 1876 illorum
592 1821 695 1875 auxilio
707 1819 834 1876 fraudem
846 1820 1003 1890 adoptionis
1016 1819 1172 1876 institutam
1190 1825 1219 1875 et
1230 1836 1291 1889 per-

200 1913 290 1962 actam
309 1924 379 1976 esse,
398 1923 452 1976 ego
464 1907 572 1986 nescio..
585 1907 710 1963 Eundem
722 1908 867 1964 Attianum
879 1908 933 1962 Dio
951 1923 1063 1976 quoque
1080 1913 1112 1962 ut
1128 1907 1294 1976 participem

197 1977 328 2050 facinoris
350 1995 472 2062 incusat3
489 1994 625 2049 Plotinam
640 1999 733 2049 autem
750 1995 822 2050 illius
842 1995 947 2050 consilii
959 2010 1015 2049 nou
1025 1995 1108 2049 modo
1121 1994 1292 2061 adiutricem,

199 2081 249 2136 sed
268 2086 409 2136 auctorem
427 2079 513 2136 fuisse
531 2079 612 2136 facile
631 2082 783 2148 credemus,
801 2081 825 2137 si
844 2097 877 2136 ea
896 2081 1110 2149 recordabimur,
1129 2097 1202 2150 qnae
1220 2097 1292 2136 com·

197 2167 324 2238 pluribus
342 2168 411 2223 locis
429 2168 464 2223 de
483 2168 543 2224 eius
566 2168 594 2223 in
612 2168 783 2223 Hadrianum
806 2167 903 2224 lavore
926 2168 1058 2238 legimus3
1081 2184 1171 2237 neque
1195 2173 1293 2224 contra

197 2256 273 2310 illum
291 2255 430 2325 Spartiaui
454 2257 545 2310 locum
568 2255 672 2310 moneri
697 2254 781 2310 debet
798 2255 934 2309 Plotinam
957 2271 1010 2309 non
1035 2271 1097 2310 esse
1114 2255 1291 2324 nominatam,

200 2358 261 2397 cum
279 2342 318 2397 ibi
335 2358 390 2397 non
408 2343 443 2396 de
468 2342 618 2409 adoptione
642 2345 757 2409 agatur,
781 2341 832 2395 sed
856 2346 962 2395 tantum
986 2342 1131 2397 occasione
1156 2341 1222 2397 data
1245 2341 1293 2396 illa

198 2427 275 2483 fraus
293 2428 461 2496 attingatur,
485 2433 517 2482 ut
534 2428 660 2496 ingratus
679 2427 813 2482 Hadriani
837 2443 906 2497 erga
923 2427 1027 2484 amicos
1044 2428 1151 2485 animus
1168 2426 1292 2498 patefiat.

269 2513 325 2568 Sed
343 2514 489 2570 redeamus
507 2514 544 2570 ad
561 2514 610 2582 IV,
628 2515 705 2569 6-7.
735 2515 797 2584 Ego
816 2531 871 2584 quo
894 2514 1044 2584 impensius
1067 2515 1115 2569 illa
1138 2514 1293 2583 considero,

200 2616 233 2654 eo
252 2601 340 2656 minus
358 2617 473 2670 possum
485 2602 607 2670 credere,
626 2617 660 2656 ea
671 2602 794 2657 Mariana
808 2617 878 2658 esse.
896 2601 1017 2657 Primum
1029 2602 1101 2657 enim
1116 2619 1150 2658 ex
1161 2603 1225 2671 XX,
1243 2601 1293 2670 3¹),

199 2687 246 2741 ubi
267 2687 371 2743 Marius
394 2704 476 2744 veros
500 2688 633 2759 principis
656 2705 751 2744 mores.
772 2689 894 2758 detegit,
917 2694 1049 2758 apparet,
1073 2704 1136 2744 eum
1158 2689 1293 2744 Hadriani

197 2773 273 2828 laudi
292 2774 400 2829 minime
417 2773 578 2845 indulsisse,
602 2791 692 2845 neque
710 2776 799 2832 minus
817 2777 859 2844 11,
883 2777 918 2831 10
934 2776 1097 2844 edocemur,
1122 2792 1198 2845 eum,
1220 2793 1292 2845 quae

198 2861 226 2914 in
243 2860 339 2916 intimo
357 2862 462 2931 palatio
480 2868 538 2918 tum
555 2861 631 2918 facta
648 2863 711 2932 sint,
730 2880 784 2919 non
800 2863 954 2932 ignorasse.
983 2863 1110 2933 Denique
1128 2879 1191 2918 cnm
1208 2863 1258 2931 IV,
1274 2863 1293 2917 5

198 2948 329 3004 acerrime
348 2950 552 3019 perstringatur
570 2950 689 3007 ambitus
706 2951 848 3018 Hadriani,
859 2950 914 3021 ¹qui
926 2965 1091 3020 quocunque
1108 2951 1192 3006 modo
1209 2949 1290 3006 liber-

198 3040 290 3090 torum
308 3036 543 3106 delicatorumque
562 3038 673 3092 Traiani
691 3039 810 3106 gratiam
827 3036 881 3093 sibi
899 3036 1042 3106 quaesisse
1059 3036 1229 3106 perhibetur,
1247 3037 1293 3092 cui

197 3139 252 3177 non
270 3122 392 3178 nascitur
409 3125 546 3193 suspicio,
565 3141 641 3192 eum,
660 3125 708 3194 qui
724 3124 792 3179 talia
809 3123 971 3191 tradiderit,
988 3122 1114 3180 fraudem
1131 3124 1218 3191 illam,
1237 3139 1293 3191 qua

197 3208 356 3264 Hadrianus
373 3210 518 3279 imperium
537 3217 702 3266 consecutus
721 3217 777 3278 est,
802 3211 932 3280 ignorare
949 3227 1004 3266 non
1021 3210 1154 3279 potuisse.
1183 3211 1292 3282 Itaque,

198 3295 305 3350 etiamsi
324 3295 392 3350 certi
410 3297 560 3365 quidquam
579 3312 676 3352 eruere
693 3314 749 3353 non
765 3298 851 3366 licuit,
868 3304 961 3353 11111111
976 3297 1123 3353 verisimile
1134 3298 1292 3355 reddidisse

197 3379 263 3434 mihi
280 3380 391 3449 videor,
417 3382 451 3438 de
470 3382 522 3438 hac
540 3399 571 3438 re
589 3383 754 3452 gravissima
771 3385 888 3441 Marium
907 3401 969 3440 oum
986 3385 1076 3440 Dione
1095 3385 1289 3442 concordasse.

232 3543 235 3548 1
267 3466 347 3535 Tria,
374 3484 446 3538 quae
469 3469 518 3537 IV,
542 3471 611 3525 8-9
635 3477 803 3540 sequuntur,
830 3477 963 3541 excerpta
986 3473 1060 3528 unde
1084 3471 1200 3528 collecta
1227 3471 1290 3540 sint,

199 3554 291 3610 dicere
309 3571 431 3624 nequeo,
453 3562 582 3625 quartum
600 3562 693 3614 autem
712 3557 737 3623 (ξ
756 3558 800 3625 10)
818 3559 855 3614 ad
873 3559 991 3614 eundem
1008 3557 1112 3614 fontem
1129 3558 1290 3627 rettulerim,

196 3659 278 3712 quem
297 3642 459 3712 compilator
477 3659 528 3712 per
546 3661 569 3700 o.
588 3645 628 3699 IX
646 3651 760 3701 secutus
779 3652 831 3714 est,
848 3646 974 3702 nimirum
992 3652 1107 3716 propter
1124 3646 1174 3715 IX,
1192 3647 1217 3701 6.

265 3731 417 3799 Postquam
426 3730 570 3801 hucusque
582 3731 761 3803 probavimus
773 3733 879 3803 primae
890 3733 1044 3803 particulae
1056 3733 1202 3788 maximam
1214 3739 1290 3789 certe

196 3822 304 3886 partem
328 3818 364 3873 ad
382 3818 498 3875 lilerium
519 3820 667 3876 Maximum
691 3821 795 3889 redire,
815 3820 876 3890 jam
898 3836 933 3876 eo
956 3819 1152 3890 disputationis
1175 3820 1291 3876 deducti

196 3921 299 3972 sumus,
317 3903 365 3961 ubi
382 3905 471 3974 prima
489 3907 605 3976 amplior
623 3907 761 3977 digressio
782 3908 819 3962 ad
837 3907 919 3963 alium
943 3907 1107 3977 scriptorem
1131 3907 1290 3963 denotanda

197 3997 248 4060 est,
267 4008 347 4061 quae,
365 3998 397 4048 ut
413 3992 467 4050 hoc
485 3993 578 4050 statim
596 3994 784 4064 pronuntiem,
802 3994 923 4063 pertinet
939 3995 1004 4050 inde
1021 4011 1038 4049 a
1054 4010 1077 4050 c.
1094 3994 1147 4058 Vb
1166 3996 1181 4048 1
1199 4009 1289 4062 nsque

272 4200 289 4252 1)
303 4201 355 4252 XX,
369 4203 392 4241 3:
413 4201 494 4243 Marius
507 4203 615 4244 Maximus
629 4203 681 4242 dicit
694 4214 744 4243 eum
765 4207 844 4244 natura
862 4203 971 4244 crudelem
991 4202 1058 4243 luisse
1080 4201 1201 4243 etidcirco
1221 4203 1289 4242 multa

301 4271 338 4321 ple
350 4271 437 4323 fecisse,
451 4271 509 4323 quod
521 4274 614 4325 timeret,
627 4284 656 4315 ne
669 4274 711 4316 slbl
724 4273 783 4314 idom
796 4273 853 4324 quod
866 4273 991 4315 Domitiano
1005 4272 1090 4324 accldlt,
1103 4271 1207 4313 eveniret.
