<?xml version="1.0" encoding="UTF-8"?>
<!DOCTYPE html PUBLIC "-//W3C//DTD XHTML 1.0 Transitional//EN"
    "http://www.w3.org/TR/xhtml1/DTD/xhtml1-transitional.dtd">
<html xmlns="http://www.w3.org/1999/xhtml" xml:lang="en" lang="en">
 <head>
  <title>
</title>
<meta http-equiv="Content-Type" content="text/html;charset=utf-8" />
  <meta name='ocr-system' content='tesseract 3.04.00' />
  <meta name='ocr-capabilities' content='ocr_page ocr_carea ocr_par ocr_line ocrx_word'/>
</head>
<body>
  <div class='ocr_page' id='page_1' title='image "./defontibusvitar00perigoog_0047.png"; bbox 0 0 3112 4874; ppageno 0'>
   <div class='ocr_carea' id='block_1_1' title="bbox 744 434 787 500">
    <p class='ocr_par' dir='ltr' id='par_1_1' title="bbox 744 434 787 500">
     <span class='ocr_line' id='line_1_1' title="bbox 744 434 787 500; baseline 0 0"><span class='ocrx_word' id='word_1_1' title='bbox 744 434 787 500; x_wconf 78' lang='lat'><strong>39</strong></span> 
     </span>
    </p>
   </div>
   <div class='ocr_carea' id='block_1_2' title="bbox 220 629 1320 3916">
    <p class='ocr_par' dir='ltr' id='par_1_2' title="bbox 220 629 1320 3916">
     <span class='ocr_line' id='line_1_2' title="bbox 221 629 1317 702; baseline -0.001 -15"><span class='ocrx_word' id='word_1_2' title='bbox 221 631 344 702; x_wconf 79' lang='lat' dir='ltr'><strong>generali</strong></span> <span class='ocrx_word' id='word_1_3' title='bbox 362 630 472 687; x_wconf 90' lang='lat' dir='ltr'><strong>omnino</strong></span> <span class='ocrx_word' id='word_1_4' title='bbox 490 629 558 686; x_wconf 89' lang='lat' dir='ltr'><strong>nihil</strong></span> <span class='ocrx_word' id='word_1_5' title='bbox 575 629 741 686; x_wconf 78' lang='lat' dir='ltr'><strong>discernitur</strong></span> <span class='ocrx_word' id='word_1_6' title='bbox 758 629 787 685; x_wconf 93' lang='lat' dir='ltr'><strong>in</strong></span> <span class='ocrx_word' id='word_1_7' title='bbox 804 631 858 686; x_wconf 90' lang='lat' dir='ltr'><strong>hac</strong></span> <span class='ocrx_word' id='word_1_8' title='bbox 876 631 1047 700; x_wconf 77' lang='lat' dir='ltr'><strong>quaestione.</strong></span> <span class='ocrx_word' id='word_1_9' title='bbox 1075 630 1179 686; x_wconf 78' lang='lat' dir='ltr'>Contra</span> <span class='ocrx_word' id='word_1_10' title='bbox 1196 631 1221 688; x_wconf 87' lang='lat' dir='ltr'><strong>si</strong></span> <span class='ocrx_word' id='word_1_11' title='bbox 1238 631 1317 700; x_wconf 91' lang='lat' dir='ltr'><strong>optio</strong></span> 
     </span>
     <span class='ocr_line' id='line_1_3' title="bbox 221 717 1317 786; baseline -0.001 -12"><span class='ocrx_word' id='word_1_12' title='bbox 221 719 304 774; x_wconf 88' lang='lat' dir='ltr'><strong>datur</strong></span> <span class='ocrx_word' id='word_1_13' title='bbox 322 718 393 773; x_wconf 90' lang='lat' dir='ltr'><strong>inter</strong></span> <span class='ocrx_word' id='word_1_14' title='bbox 412 718 483 773; x_wconf 90' lang='lat' dir='ltr'><strong>duos</strong></span> <span class='ocrx_word' id='word_1_15' title='bbox 501 717 563 772; x_wconf 89' lang='lat' dir='ltr'><strong>illos</strong></span> <span class='ocrx_word' id='word_1_16' title='bbox 581 721 721 784; x_wconf 76' lang='lat' dir='ltr'><strong>auctores,</strong></span> <span class='ocrx_word' id='word_1_17' title='bbox 739 733 794 772; x_wconf 91' lang='lat' dir='ltr'><strong>non</strong></span> <span class='ocrx_word' id='word_1_18' title='bbox 813 717 921 785; x_wconf 75' lang='lat' dir='ltr'><strong>desum,</strong></span> <span class='ocrx_word' id='word_1_19' title='bbox 940 733 956 772; x_wconf 92' lang='lat' dir='ltr'><strong>e</strong></span> <span class='ocrx_word' id='word_1_20' title='bbox 974 717 1075 786; x_wconf 89' lang='lat' dir='ltr'><strong>quibus</strong></span> <span class='ocrx_word' id='word_1_21' title='bbox 1094 717 1226 773; x_wconf 90' lang='lat' dir='ltr'><strong>iudicium</strong></span> <span class='ocrx_word' id='word_1_22' title='bbox 1239 719 1317 786; x_wconf 88' lang='lat' dir='ltr'><strong>satis,</strong></span> 
     </span>
     <span class='ocr_line' id='line_1_4' title="bbox 221 803 1319 875; baseline 0 -15"><span class='ocrx_word' id='word_1_23' title='bbox 221 807 337 875; x_wconf 79' lang='lat' dir='ltr'>opinor,</span> <span class='ocrx_word' id='word_1_24' title='bbox 357 811 462 860; x_wconf 89' lang='lat' dir='ltr'><strong>certum</strong></span> <span class='ocrx_word' id='word_1_25' title='bbox 480 803 553 860; x_wconf 85' lang='lat' dir='ltr'><strong>serre</strong></span> <span class='ocrx_word' id='word_1_26' title='bbox 570 804 660 860; x_wconf 90' lang='lat' dir='ltr'><strong>liceat.</strong></span> <span class='ocrx_word' id='word_1_27' title='bbox 681 803 725 858; x_wconf 87' lang='lat' dir='ltr'><strong>Ac</strong></span> <span class='ocrx_word' id='word_1_28' title='bbox 743 804 861 872; x_wconf 87' lang='lat' dir='ltr'><strong>primurn</strong></span> <span class='ocrx_word' id='word_1_29' title='bbox 880 803 1000 873; x_wconf 90' lang='lat' dir='ltr'><strong>quidem,</strong></span> <span class='ocrx_word' id='word_1_30' title='bbox 1019 804 1144 873; x_wconf 85' lang='lat' dir='ltr'><strong>quamvis</strong></span> <span class='ocrx_word' id='word_1_31' title='bbox 1163 803 1319 860; x_wconf 81' lang='lat' dir='ltr'><strong>Hoefnerus</strong></span> 
     </span>
     <span class='ocr_line' id='line_1_5' title="bbox 222 889 1319 962; baseline -0.001 -15"><span class='ocrx_word' id='word_1_32' title='bbox 222 894 392 962; x_wconf 88' lang='lat' dir='ltr'><strong>obloquatur</strong></span> <span class='ocrx_word' id='word_1_33' title='bbox 402 891 436 958; x_wconf 87' lang='lat'><strong>¹),</strong></span> <span class='ocrx_word' id='word_1_34' title='bbox 455 891 532 960; x_wconf 90' lang='lat' dir='ltr'><strong>illud,</strong></span> <span class='ocrx_word' id='word_1_35' title='bbox 551 891 627 960; x_wconf 89' lang='lat' dir='ltr'><strong>qnod</strong></span> <span class='ocrx_word' id='word_1_36' title='bbox 646 906 739 946; x_wconf 86' lang='lat' dir='ltr'><strong>ornnes</strong></span> <span class='ocrx_word' id='word_1_37' title='bbox 758 896 931 958; x_wconf 82' lang='lat' dir='ltr'><strong>monuerunt,</strong></span> <span class='ocrx_word' id='word_1_38' title='bbox 949 890 1049 946; x_wconf 86' lang='lat' dir='ltr'><strong>iterum</strong></span> <span class='ocrx_word' id='word_1_39' title='bbox 1061 889 1127 946; x_wconf 86' lang='lat' dir='ltr'><strong>mihi</strong></span> <span class='ocrx_word' id='word_1_40' title='bbox 1138 892 1319 960; x_wconf 90' lang='lat' dir='ltr'><strong>premendum</strong></span> 
     </span>
     <span class='ocr_line' id='line_1_6' title="bbox 222 977 1318 1048; baseline -0.001 -14"><span class='ocrx_word' id='word_1_41' title='bbox 222 981 347 1048; x_wconf 85' lang='lat' dir='ltr'><strong>videtur,</strong></span> <span class='ocrx_word' id='word_1_42' title='bbox 371 995 509 1048; x_wconf 78' lang='lat' dir='ltr'><strong>nusquam</strong></span> <span class='ocrx_word' id='word_1_43' title='bbox 532 993 622 1047; x_wconf 89' lang='lat' dir='ltr'><strong>neque</strong></span> <span class='ocrx_word' id='word_1_44' title='bbox 646 979 674 1032; x_wconf 93' lang='lat' dir='ltr'><strong>in</strong></span> <span class='ocrx_word' id='word_1_45' title='bbox 698 977 838 1047; x_wconf 84' lang='lat' dir='ltr'><strong>prioribus</strong></span> <span class='ocrx_word' id='word_1_46' title='bbox 862 993 952 1046; x_wconf 90' lang='lat' dir='ltr'><strong>neque</strong></span> <span class='ocrx_word' id='word_1_47' title='bbox 975 977 1004 1031; x_wconf 92' lang='lat' dir='ltr'><strong>in</strong></span> <span class='ocrx_word' id='word_1_48' title='bbox 1029 977 1231 1046; x_wconf 81' lang='lat' dir='ltr'><strong>posterioribus</strong></span> <span class='ocrx_word' id='word_1_49' title='bbox 1253 979 1318 1034; x_wconf 85' lang='lat' dir='ltr'><strong>vitis</strong></span> 
     </span>
     <span class='ocr_line' id='line_1_7' title="bbox 222 1064 1319 1134; baseline -0.003 -13"><span class='ocrx_word' id='word_1_50' title='bbox 222 1067 349 1122; x_wconf 83' lang='lat' dir='ltr'><strong>Cassium</strong></span> <span class='ocrx_word' id='word_1_51' title='bbox 373 1066 490 1120; x_wconf 88' lang='lat' dir='ltr'><strong>Dionem</strong></span> <span class='ocrx_word' id='word_1_52' title='bbox 515 1081 532 1120; x_wconf 92' lang='lat' dir='ltr'><strong>a</strong></span> <span class='ocrx_word' id='word_1_53' title='bbox 555 1065 741 1134; x_wconf 82' lang='lat' dir='ltr'><strong>scriptoribus</strong></span> <span class='ocrx_word' id='word_1_54' title='bbox 768 1064 901 1120; x_wconf 90' lang='lat' dir='ltr'><strong>historiae</strong></span> <span class='ocrx_word' id='word_1_55' title='bbox 925 1064 1074 1133; x_wconf 81' lang='lat' dir='ltr'><strong>Augustae</strong></span> <span class='ocrx_word' id='word_1_56' title='bbox 1100 1066 1243 1121; x_wconf 88' lang='lat' dir='ltr'><strong>nominari.</strong></span> <span class='ocrx_word' id='word_1_57' title='bbox 1279 1065 1319 1120; x_wconf 87' lang='lat' dir='ltr'><strong>At</strong></span> 
     </span>
     <span class='ocr_line' id='line_1_8' title="bbox 222 1150 1319 1222; baseline 0 -14"><span class='ocrx_word' id='word_1_58' title='bbox 222 1151 377 1208; x_wconf 86' lang='lat' dir='ltr'><strong>Hoefnerus</strong></span> <span class='ocrx_word' id='word_1_59' title='bbox 396 1153 515 1222; x_wconf 88' lang='lat' dir='ltr'><strong>opponit</strong></span> <span class='ocrx_word' id='word_1_60' title='bbox 533 1152 603 1208; x_wconf 89' lang='lat' dir='ltr'><strong>alios</strong></span> <span class='ocrx_word' id='word_1_61' title='bbox 621 1168 733 1222; x_wconf 91' lang='lat' dir='ltr'><strong>quoque</strong></span> <span class='ocrx_word' id='word_1_62' title='bbox 750 1150 841 1207; x_wconf 85' lang='lat' dir='ltr'><strong>sontes</strong></span> <span class='ocrx_word' id='word_1_63' title='bbox 860 1151 895 1206; x_wconf 89' lang='lat' dir='ltr'><strong>ab</strong></span> <span class='ocrx_word' id='word_1_64' title='bbox 913 1151 954 1206; x_wconf 91' lang='lat' dir='ltr'><strong>eis</strong></span> <span class='ocrx_word' id='word_1_65' title='bbox 966 1150 1107 1207; x_wconf 86' lang='lat' dir='ltr'><strong>adhibitos</strong></span> <span class='ocrx_word' id='word_1_66' title='bbox 1119 1167 1209 1222; x_wconf 91' lang='lat' dir='ltr'><strong>neque</strong></span> <span class='ocrx_word' id='word_1_67' title='bbox 1227 1157 1319 1208; x_wconf 87' lang='lat' dir='ltr'><strong>tamen</strong></span> 
     </span>
     <span class='ocr_line' id='line_1_9' title="bbox 223 1237 1320 1308; baseline -0.001 -14"><span class='ocrx_word' id='word_1_68' title='bbox 223 1240 379 1296; x_wconf 87' lang='lat' dir='ltr'><strong>nominatos</strong></span> <span class='ocrx_word' id='word_1_69' title='bbox 398 1255 467 1294; x_wconf 90' lang='lat' dir='ltr'><strong>esse.</strong></span> <span class='ocrx_word' id='word_1_70' title='bbox 486 1239 520 1294; x_wconf 94' lang='lat' dir='ltr'><strong>Id</strong></span> <span class='ocrx_word' id='word_1_71' title='bbox 538 1255 568 1294; x_wconf 90' lang='lat' dir='ltr'><strong>re</strong></span> <span class='ocrx_word' id='word_1_72' title='bbox 587 1255 654 1294; x_wconf 90' lang='lat' dir='ltr'><strong>vera</strong></span> <span class='ocrx_word' id='word_1_73' title='bbox 671 1237 777 1294; x_wconf 83' lang='lat' dir='ltr'><strong>facturn</strong></span> <span class='ocrx_word' id='word_1_74' title='bbox 795 1255 857 1294; x_wconf 92' lang='lat' dir='ltr'><strong>esse</strong></span> <span class='ocrx_word' id='word_1_75' title='bbox 874 1239 929 1308; x_wconf 91' lang='lat' dir='ltr'><strong>ipsi</strong></span> <span class='ocrx_word' id='word_1_76' title='bbox 946 1254 1032 1306; x_wconf 88' lang='lat' dir='ltr'><strong>supra</strong></span> <span class='ocrx_word' id='word_1_77' title='bbox 1049 1237 1078 1294; x_wconf 91' lang='lat' dir='ltr'><strong>in</strong></span> <span class='ocrx_word' id='word_1_78' title='bbox 1095 1240 1243 1294; x_wconf 86' lang='lat' dir='ltr'><strong>tractanda</strong></span> <span class='ocrx_word' id='word_1_79' title='bbox 1260 1239 1320 1294; x_wconf 85' lang='lat' dir='ltr'><strong>vita</strong></span> 
     </span>
     <span class='ocr_line' id='line_1_10' title="bbox 223 1313 1319 1395; baseline 0 -15"><span class='ocrx_word' id='word_1_80' title='bbox 223 1326 357 1380; x_wconf 88' lang='lat' dir='ltr'><strong>Hadriani</strong></span> <span class='ocrx_word' id='word_1_81' title='bbox 376 1327 484 1395; x_wconf 87' lang='lat' dir='ltr'><strong>experti</strong></span> <span class='ocrx_word' id='word_1_82' title='bbox 503 1341 614 1393; x_wconf 76' lang='lat' dir='ltr'><strong>sumus3</strong></span> <span class='ocrx_word' id='word_1_83' title='bbox 637 1327 687 1381; x_wconf 91' lang='lat' dir='ltr'><strong>sed</strong></span> <span class='ocrx_word' id='word_1_84' title='bbox 712 1325 940 1394; x_wconf 86' lang='lat' dir='ltr'><strong>distinguendum</strong></span> <span class='ocrx_word' id='word_1_85' title='bbox 963 1330 1006 1380; x_wconf 87' lang='lat' dir='ltr'><strong>est</strong></span> <span class='ocrx_word' id='word_1_86' title='bbox 1028 1325 1099 1380; x_wconf 88' lang='lat' dir='ltr'><strong>inter</strong></span> <span class='ocrx_word' id='word_1_87' title='bbox 1123 1326 1180 1380; x_wconf 89' lang='lat' dir='ltr'><strong>duo</strong></span> <span class='ocrx_word' id='word_1_88' title='bbox 1201 1313 1319 1380; x_wconf 82' lang='lat' dir='ltr'><strong>fontium</strong></span> 
     </span>
     <span class='ocr_line' id='line_1_11' title="bbox 222 1413 1316 1482; baseline 0 -14"><span class='ocrx_word' id='word_1_89' title='bbox 222 1429 333 1481; x_wconf 83' lang='lat' dir='ltr'><strong>genera.</strong></span> <span class='ocrx_word' id='word_1_90' title='bbox 352 1413 376 1467; x_wconf 90' lang='lat' dir='ltr'><strong>li</strong></span> <span class='ocrx_word' id='word_1_91' title='bbox 388 1419 526 1481; x_wconf 89' lang='lat' dir='ltr'><strong>auctores,</strong></span> <span class='ocrx_word' id='word_1_92' title='bbox 545 1413 593 1482; x_wconf 92' lang='lat' dir='ltr'><strong>qui</strong></span> <span class='ocrx_word' id='word_1_93' title='bbox 605 1429 656 1482; x_wconf 92' lang='lat' dir='ltr'><strong>per</strong></span> <span class='ocrx_word' id='word_1_94' title='bbox 668 1413 761 1482; x_wconf 90' lang='lat' dir='ltr'><strong>plnres</strong></span> <span class='ocrx_word' id='word_1_95' title='bbox 774 1413 847 1468; x_wconf 85' lang='lat' dir='ltr'><strong>vitas</strong></span> <span class='ocrx_word' id='word_1_96' title='bbox 859 1428 969 1482; x_wconf 90' lang='lat' dir='ltr'><strong>semper</strong></span> <span class='ocrx_word' id='word_1_97' title='bbox 981 1413 1105 1481; x_wconf 83' lang='lat' dir='ltr'><strong>excerpti</strong></span> <span class='ocrx_word' id='word_1_98' title='bbox 1117 1418 1190 1481; x_wconf 87' lang='lat' dir='ltr'><strong>sunt,</strong></span> <span class='ocrx_word' id='word_1_99' title='bbox 1203 1413 1316 1482; x_wconf 88' lang='lat' dir='ltr'><strong>saepius</strong></span> 
     </span>
     <span class='ocr_line' id='line_1_12' title="bbox 223 1499 1319 1569; baseline 0 -15"><span class='ocrx_word' id='word_1_100' title='bbox 223 1499 380 1567; x_wconf 87' lang='lat' dir='ltr'><strong>laudantur,</strong></span> <span class='ocrx_word' id='word_1_101' title='bbox 393 1501 480 1554; x_wconf 86' lang='lat' dir='ltr'><strong>veluti</strong></span> <span class='ocrx_word' id='word_1_102' title='bbox 492 1501 595 1556; x_wconf 87' lang='lat' dir='ltr'><strong>Marius</strong></span> <span class='ocrx_word' id='word_1_103' title='bbox 608 1501 744 1555; x_wconf 80' lang='lat' dir='ltr'><strong>Maximus</strong></span> <span class='ocrx_word' id='word_1_104' title='bbox 758 1501 786 1554; x_wconf 93' lang='lat' dir='ltr'><strong>in</strong></span> <span class='ocrx_word' id='word_1_105' title='bbox 798 1499 947 1569; x_wconf 78' lang='lat' dir='ltr'><strong>prioribus,</strong></span> <span class='ocrx_word' id='word_1_106' title='bbox 959 1499 988 1554; x_wconf 92' lang='lat' dir='ltr'><strong>in</strong></span> <span class='ocrx_word' id='word_1_107' title='bbox 999 1499 1200 1568; x_wconf 87' lang='lat' dir='ltr'><strong>posterioribus</strong></span> <span class='ocrx_word' id='word_1_108' title='bbox 1210 1499 1319 1554; x_wconf 81' lang='lat' dir='ltr'><strong>Gordus</strong></span> 
     </span>
     <span class='ocr_line' id='line_1_13' title="bbox 222 1585 1319 1656; baseline -0.001 -15"><span class='ocrx_word' id='word_1_109' title='bbox 222 1591 250 1641; x_wconf 92' lang='lat' dir='ltr'><strong>et</strong></span> <span class='ocrx_word' id='word_1_110' title='bbox 262 1587 453 1654; x_wconf 60' lang='lat' dir='ltr'><strong>Herodianum</strong></span> <span class='ocrx_word' id='word_1_111' title='bbox 472 1603 544 1656; x_wconf 92' lang='lat' dir='ltr'><strong>quos</strong></span> <span class='ocrx_word' id='word_1_112' title='bbox 562 1592 655 1642; x_wconf 89' lang='lat' dir='ltr'><strong>autern</strong></span> <span class='ocrx_word' id='word_1_113' title='bbox 668 1591 778 1654; x_wconf 87' lang='lat' dir='ltr'><strong>praeter</strong></span> <span class='ocrx_word' id='word_1_114' title='bbox 796 1586 964 1654; x_wconf 87' lang='lat' dir='ltr'><strong>principales</strong></span> <span class='ocrx_word' id='word_1_115' title='bbox 982 1586 1046 1640; x_wconf 91' lang='lat' dir='ltr'><strong>illos</strong></span> <span class='ocrx_word' id='word_1_116' title='bbox 1059 1591 1189 1641; x_wconf 87' lang='lat' dir='ltr'><strong>auctores</strong></span> <span class='ocrx_word' id='word_1_117' title='bbox 1207 1585 1252 1640; x_wconf 92' lang='lat' dir='ltr'><strong>hic</strong></span> <span class='ocrx_word' id='word_1_118' title='bbox 1264 1586 1319 1642; x_wconf 90' lang='lat' dir='ltr'><strong>illio</strong></span> 
     </span>
     <span class='ocr_line' id='line_1_14' title="bbox 223 1671 1318 1742; baseline 0.004 -16"><span class='ocrx_word' id='word_1_119' title='bbox 223 1673 260 1728; x_wconf 91' lang='lat' dir='ltr'><strong>ad</strong></span> <span class='ocrx_word' id='word_1_120' title='bbox 272 1673 397 1742; x_wconf 78' lang='lat' dir='ltr'><strong>singulas</strong></span> <span class='ocrx_word' id='word_1_121' title='bbox 410 1674 483 1728; x_wconf 87' lang='lat' dir='ltr'><strong>vitas</strong></span> <span class='ocrx_word' id='word_1_122' title='bbox 497 1673 659 1728; x_wconf 82' lang='lat' dir='ltr'><strong>conflandos</strong></span> <span class='ocrx_word' id='word_1_123' title='bbox 672 1673 859 1741; x_wconf 86' lang='lat' dir='ltr'><strong>adsciverunt,</strong></span> <span class='ocrx_word' id='word_1_124' title='bbox 871 1671 948 1727; x_wconf 90' lang='lat' dir='ltr'><strong>haud</strong></span> <span class='ocrx_word' id='word_1_125' title='bbox 960 1688 1024 1726; x_wconf 89' lang='lat' dir='ltr'><strong>raro</strong></span> <span class='ocrx_word' id='word_1_126' title='bbox 1036 1672 1145 1728; x_wconf 89' lang='lat' dir='ltr'><strong>silentio</strong></span> <span class='ocrx_word' id='word_1_127' title='bbox 1158 1671 1318 1730; x_wconf 85' lang='lat' dir='ltr'><strong>obruerunt.</strong></span> 
     </span>
     <span class='ocr_line' id='line_1_15' title="bbox 223 1757 1317 1830; baseline 0 -16"><span class='ocrx_word' id='word_1_128' title='bbox 223 1759 319 1830; x_wconf 85' lang='lat' dir='ltr'><strong>Neque</strong></span> <span class='ocrx_word' id='word_1_129' title='bbox 337 1759 462 1829; x_wconf 83' lang='lat' dir='ltr'><strong>proiecto</strong></span> <span class='ocrx_word' id='word_1_130' title='bbox 480 1759 628 1828; x_wconf 88' lang='lat' dir='ltr'><strong>habebant,</strong></span> <span class='ocrx_word' id='word_1_131' title='bbox 648 1775 697 1815; x_wconf 90' lang='lat' dir='ltr'><strong>cur</strong></span> <span class='ocrx_word' id='word_1_132' title='bbox 714 1761 777 1816; x_wconf 89' lang='lat' dir='ltr'><strong>illos</strong></span> <span class='ocrx_word' id='word_1_133' title='bbox 790 1759 926 1815; x_wconf 91' lang='lat' dir='ltr'><strong>obscuros</strong></span> <span class='ocrx_word' id='word_1_134' title='bbox 943 1757 1036 1814; x_wconf 82' lang='lat' dir='ltr'><strong>fontes</strong></span> <span class='ocrx_word' id='word_1_135' title='bbox 1053 1775 1085 1814; x_wconf 89' lang='lat' dir='ltr'><strong>se</strong></span> <span class='ocrx_word' id='word_1_136' title='bbox 1098 1758 1201 1814; x_wconf 85' lang='lat' dir='ltr'><strong>adiisse</strong></span> <span class='ocrx_word' id='word_1_137' title='bbox 1216 1759 1317 1828; x_wconf 81' lang='lat' dir='ltr'><strong>gloria-</strong></span> 
     </span>
     <span class='ocr_line' id='line_1_16' title="bbox 224 1845 1319 1917; baseline 0.002 -17"><span class='ocrx_word' id='word_1_138' title='bbox 224 1851 334 1914; x_wconf 89' lang='lat' dir='ltr'><strong>rentur,</strong></span> <span class='ocrx_word' id='word_1_139' title='bbox 360 1863 422 1902; x_wconf 88' lang='lat' dir='ltr'><strong>curn</strong></span> <span class='ocrx_word' id='word_1_140' title='bbox 440 1863 512 1917; x_wconf 87' lang='lat' dir='ltr'><strong>quae</strong></span> <span class='ocrx_word' id='word_1_141' title='bbox 531 1863 566 1902; x_wconf 85' lang='lat' dir='ltr'><strong>ex</strong></span> <span class='ocrx_word' id='word_1_142' title='bbox 590 1847 630 1902; x_wconf 89' lang='lat' dir='ltr'><strong>eis</strong></span> <span class='ocrx_word' id='word_1_143' title='bbox 649 1847 882 1915; x_wconf 86' lang='lat' dir='ltr'><strong>deprompserunt</strong></span> <span class='ocrx_word' id='word_1_144' title='bbox 898 1845 1033 1915; x_wconf 90' lang='lat' dir='ltr'><strong>pleraque</strong></span> <span class='ocrx_word' id='word_1_145' title='bbox 1051 1861 1085 1902; x_wconf 92' lang='lat' dir='ltr'><strong>ne</strong></span> <span class='ocrx_word' id='word_1_146' title='bbox 1102 1845 1188 1901; x_wconf 91' lang='lat' dir='ltr'><strong>hilum</strong></span> <span class='ocrx_word' id='word_1_147' title='bbox 1207 1847 1319 1916; x_wconf 86' lang='lat' dir='ltr'><strong>quidem</strong></span> 
     </span>
     <span class='ocr_line' id='line_1_17' title="bbox 222 1931 1319 2000; baseline 0.002 -14"><span class='ocrx_word' id='word_1_148' title='bbox 222 1933 348 2000; x_wconf 83' lang='lat' dir='ltr'><strong>valeant,</strong></span> <span class='ocrx_word' id='word_1_149' title='bbox 373 1938 477 1987; x_wconf 91' lang='lat' dir='ltr'><strong>utnon</strong></span> <span class='ocrx_word' id='word_1_150' title='bbox 501 1933 585 1988; x_wconf 91' lang='lat' dir='ltr'><strong>modo</strong></span> <span class='ocrx_word' id='word_1_151' title='bbox 609 1933 668 1988; x_wconf 86' lang='lat' dir='ltr'><strong>vita</strong></span> <span class='ocrx_word' id='word_1_152' title='bbox 686 1933 820 1988; x_wconf 85' lang='lat' dir='ltr'><strong>Hadriani</strong></span> <span class='ocrx_word' id='word_1_153' title='bbox 846 1931 1057 2000; x_wconf 86' lang='lat' dir='ltr'><strong>comprobatur,</strong></span> <span class='ocrx_word' id='word_1_154' title='bbox 1081 1933 1133 1988; x_wconf 88' lang='lat' dir='ltr'><strong>sed</strong></span> <span class='ocrx_word' id='word_1_155' title='bbox 1159 1933 1242 1988; x_wconf 87' lang='lat' dir='ltr'><strong>etiam</strong></span> <span class='ocrx_word' id='word_1_156' title='bbox 1266 1933 1319 1988; x_wconf 90' lang='lat' dir='ltr'><strong>hac</strong></span> 
     </span>
     <span class='ocr_line' id='line_1_18' title="bbox 222 2019 1318 2089; baseline 0.004 -17"><span class='ocrx_word' id='word_1_157' title='bbox 222 2019 286 2088; x_wconf 92' lang='lat' dir='ltr'><strong>ipsa</strong></span> <span class='ocrx_word' id='word_1_158' title='bbox 304 2019 363 2076; x_wconf 83' lang='lat' dir='ltr'><strong>uita</strong></span> <span class='ocrx_word' id='word_1_159' title='bbox 381 2019 485 2087; x_wconf 84' lang='lat' dir='ltr'><strong>Severi,</strong></span> <span class='ocrx_word' id='word_1_160' title='bbox 504 2021 605 2088; x_wconf 87' lang='lat' dir='ltr'><strong>veluti,</strong></span> <span class='ocrx_word' id='word_1_161' title='bbox 630 2026 662 2074; x_wconf 87' lang='lat' dir='ltr'><strong>ut</strong></span> <span class='ocrx_word' id='word_1_162' title='bbox 680 2021 808 2089; x_wconf 87' lang='lat' dir='ltr'><strong>exemplo</strong></span> <span class='ocrx_word' id='word_1_163' title='bbox 827 2037 882 2075; x_wconf 91' lang='lat' dir='ltr'><strong>non</strong></span> <span class='ocrx_word' id='word_1_164' title='bbox 901 2019 1033 2088; x_wconf 82' lang='lat' dir='ltr'><strong>ambiguo</strong></span> <span class='ocrx_word' id='word_1_165' title='bbox 1052 2024 1129 2088; x_wconf 88' lang='lat' dir='ltr'><strong>utar,</strong></span> <span class='ocrx_word' id='word_1_166' title='bbox 1148 2019 1318 2087; x_wconf 80' lang='lat' dir='ltr'><strong>consideres,</strong></span> 
     </span>
     <span class='ocr_line' id='line_1_19' title="bbox 223 2106 1318 2176; baseline 0.002 -16"><span class='ocrx_word' id='word_1_167' title='bbox 223 2122 343 2175; x_wconf 86' lang='lat' dir='ltr'><strong>quaeso,</strong></span> <span class='ocrx_word' id='word_1_168' title='bbox 365 2107 483 2176; x_wconf 90' lang='lat' dir='ltr'><strong>quaein</strong></span> <span class='ocrx_word' id='word_1_169' title='bbox 502 2123 525 2162; x_wconf 91' lang='lat' dir='ltr'><strong>c.</strong></span> <span class='ocrx_word' id='word_1_170' title='bbox 544 2107 599 2162; x_wconf 87' lang='lat' dir='ltr'><strong>XX</strong></span> <span class='ocrx_word' id='word_1_171' title='bbox 618 2113 646 2163; x_wconf 86' lang='lat' dir='ltr'><strong>et</strong></span> <span class='ocrx_word' id='word_1_172' title='bbox 663 2107 732 2162; x_wconf 86' lang='lat' dir='ltr'><strong>XXI</strong></span> <span class='ocrx_word' id='word_1_173' title='bbox 750 2106 873 2162; x_wconf 87' lang='lat' dir='ltr'><strong>tumidus</strong></span> <span class='ocrx_word' id='word_1_174' title='bbox 891 2106 937 2162; x_wconf 90' lang='lat' dir='ltr'><strong>ille</strong></span> <span class='ocrx_word' id='word_1_175' title='bbox 954 2111 983 2161; x_wconf 88' lang='lat' dir='ltr'><strong>et</strong></span> <span class='ocrx_word' id='word_1_176' title='bbox 1001 2106 1203 2176; x_wconf 82' lang='lat' dir='ltr'><strong>grandiloquus</strong></span> <span class='ocrx_word' id='word_1_177' title='bbox 1220 2107 1318 2164; x_wconf 90' lang='lat' dir='ltr'><strong>Helius</strong></span> 
     </span>
     <span class='ocr_line' id='line_1_20' title="bbox 221 2193 1319 2262; baseline 0.006 -15"><span class='ocrx_word' id='word_1_178' title='bbox 221 2193 335 2248; x_wconf 86' lang='lat' dir='ltr'><strong>Maurus</strong></span> <span class='ocrx_word' id='word_1_179' title='bbox 352 2193 505 2250; x_wconf 86' lang='lat' dir='ltr'><strong>hariolatus</strong></span> <span class='ocrx_word' id='word_1_180' title='bbox 523 2194 568 2250; x_wconf 90' lang='lat' dir='ltr'><strong>sit.</strong></span> <span class='ocrx_word' id='word_1_181' title='bbox 598 2194 664 2249; x_wconf 87' lang='lat' dir='ltr'><strong>Alia</strong></span> <span class='ocrx_word' id='word_1_182' title='bbox 681 2211 726 2250; x_wconf 89' lang='lat' dir='ltr'><strong>res</strong></span> <span class='ocrx_word' id='word_1_183' title='bbox 745 2200 802 2262; x_wconf 87' lang='lat' dir='ltr'><strong>est,</strong></span> <span class='ocrx_word' id='word_1_184' title='bbox 827 2193 875 2250; x_wconf 92' lang='lat' dir='ltr'><strong>ubi</strong></span> <span class='ocrx_word' id='word_1_185' title='bbox 894 2194 929 2249; x_wconf 91' lang='lat' dir='ltr'><strong>de</strong></span> <span class='ocrx_word' id='word_1_186' title='bbox 946 2193 1037 2248; x_wconf 91' lang='lat' dir='ltr'><strong>Dione</strong></span> <span class='ocrx_word' id='word_1_187' title='bbox 1054 2193 1156 2262; x_wconf 80' lang='lat' dir='ltr'><strong>agitur.</strong></span> <span class='ocrx_word' id='word_1_188' title='bbox 1192 2194 1274 2250; x_wconf 87' lang='lat' dir='ltr'><strong>Hunc</strong></span> <span class='ocrx_word' id='word_1_189' title='bbox 1293 2203 1319 2255; x_wconf 90' lang='lat' dir='ltr'><strong>si</strong></span> 
     </span>
     <span class='ocr_line' id='line_1_21' title="bbox 221 2279 1317 2351; baseline 0.002 -16"><span class='ocrx_word' id='word_1_190' title='bbox 221 2281 373 2349; x_wconf 86' lang='lat' dir='ltr'><strong>scriptores</strong></span> <span class='ocrx_word' id='word_1_191' title='bbox 391 2280 430 2334; x_wconf 92' lang='lat' dir='ltr'><strong>illi</strong></span> <span class='ocrx_word' id='word_1_192' title='bbox 442 2281 634 2349; x_wconf 80' lang='lat' dir='ltr'><strong>perlegissent,</strong></span> <span class='ocrx_word' id='word_1_193' title='bbox 653 2282 709 2351; x_wconf 93' lang='lat' dir='ltr'><strong>qui,</strong></span> <span class='ocrx_word' id='word_1_194' title='bbox 728 2287 760 2336; x_wconf 92' lang='lat' dir='ltr'><strong>ut</strong></span> <span class='ocrx_word' id='word_1_195' title='bbox 771 2281 918 2337; x_wconf 89' lang='lat' dir='ltr'><strong>Muellerus</strong></span> <span class='ocrx_word' id='word_1_196' title='bbox 932 2285 1007 2336; x_wconf 89' lang='lat' dir='ltr'><strong>recte</strong></span> <span class='ocrx_word' id='word_1_197' title='bbox 1019 2279 1222 2349; x_wconf 83' lang='lat' dir='ltr'><strong>animadvertit,</strong></span> <span class='ocrx_word' id='word_1_198' title='bbox 1241 2281 1317 2337; x_wconf 90' lang='lat' dir='ltr'><strong>hand</strong></span> 
     </span>
     <span class='ocr_line' id='line_1_22' title="bbox 222 2366 1318 2436; baseline 0.006 -18"><span class='ocrx_word' id='word_1_199' title='bbox 222 2381 287 2420; x_wconf 90' lang='lat' dir='ltr'><strong>raro</strong></span> <span class='ocrx_word' id='word_1_200' title='bbox 312 2366 439 2420; x_wconf 90' lang='lat' dir='ltr'><strong>nimirum</strong></span> <span class='ocrx_word' id='word_1_201' title='bbox 462 2366 585 2421; x_wconf 87' lang='lat' dir='ltr'><strong>iactandi</strong></span> <span class='ocrx_word' id='word_1_202' title='bbox 610 2382 705 2435; x_wconf 88' lang='lat' dir='ltr'><strong>causa,</strong></span> <span class='ocrx_word' id='word_1_203' title='bbox 729 2367 930 2422; x_wconf 85' lang='lat' dir='ltr'><strong>simulaverunt</strong></span> <span class='ocrx_word' id='word_1_204' title='bbox 952 2383 982 2422; x_wconf 90' lang='lat' dir='ltr'><strong>se</strong></span> <span class='ocrx_word' id='word_1_205' title='bbox 1008 2367 1164 2436; x_wconf 87' lang='lat' dir='ltr'><strong>complures</strong></span> <span class='ocrx_word' id='word_1_206' title='bbox 1189 2373 1318 2426; x_wconf 88' lang='lat' dir='ltr'><strong>auctores</strong></span> 
     </span>
     <span class='ocr_line' id='line_1_23' title="bbox 223 2451 1319 2522; baseline 0.005 -16"><span class='ocrx_word' id='word_1_207' title='bbox 223 2452 401 2519; x_wconf 88' lang='lat' dir='ltr'><strong>consuluisse,</strong></span> <span class='ocrx_word' id='word_1_208' title='bbox 409 2451 456 2508; x_wconf 90' lang='lat' dir='ltr'><strong>ubi</strong></span> <span class='ocrx_word' id='word_1_209' title='bbox 465 2469 550 2508; x_wconf 91' lang='lat' dir='ltr'><strong>unum</strong></span> <span class='ocrx_word' id='word_1_210' title='bbox 559 2453 867 2522; x_wconf 86' lang='lat' dir='ltr'><strong>tantumadhibuerunt,</strong></span> <span class='ocrx_word' id='word_1_211' title='bbox 877 2454 935 2510; x_wconf 91' lang='lat' dir='ltr'><strong>sine</strong></span> <span class='ocrx_word' id='word_1_212' title='bbox 945 2453 1031 2510; x_wconf 90' lang='lat' dir='ltr'><strong>dubio</strong></span> <span class='ocrx_word' id='word_1_213' title='bbox 1041 2453 1156 2508; x_wconf 88' lang='lat' dir='ltr'><strong>multum</strong></span> <span class='ocrx_word' id='word_1_214' title='bbox 1164 2470 1226 2508; x_wconf 90' lang='lat' dir='ltr'><strong>eum</strong></span> <span class='ocrx_word' id='word_1_215' title='bbox 1235 2454 1319 2511; x_wconf 89' lang='lat' dir='ltr'><strong>inore</strong></span> 
     </span>
     <span class='ocr_line' id='line_1_24' title="bbox 220 2538 1318 2612; baseline 0.004 -20"><span class='ocrx_word' id='word_1_216' title='bbox 220 2538 383 2594; x_wconf 89' lang='lat' dir='ltr'><strong>habuissent</strong></span> <span class='ocrx_word' id='word_1_217' title='bbox 397 2554 487 2609; x_wconf 88' lang='lat' dir='ltr'><strong>neque</strong></span> <span class='ocrx_word' id='word_1_218' title='bbox 499 2539 635 2596; x_wconf 91' lang='lat' dir='ltr'><strong>immerito</strong></span> <span class='ocrx_word' id='word_1_219' title='bbox 647 2541 759 2610; x_wconf 81' lang='lat' dir='ltr'><strong>gloriati</strong></span> <span class='ocrx_word' id='word_1_220' title='bbox 778 2546 879 2609; x_wconf 89' lang='lat' dir='ltr'><strong>essent,</strong></span> <span class='ocrx_word' id='word_1_221' title='bbox 898 2557 961 2596; x_wconf 90' lang='lat' dir='ltr'><strong>cnm</strong></span> <span class='ocrx_word' id='word_1_222' title='bbox 979 2541 1024 2596; x_wconf 87' lang='lat' dir='ltr'><strong>hic</strong></span> <span class='ocrx_word' id='word_1_223' title='bbox 1039 2541 1104 2611; x_wconf 90' lang='lat' dir='ltr'><strong>plus</strong></span> <span class='ocrx_word' id='word_1_224' title='bbox 1124 2542 1217 2596; x_wconf 85' lang='lat' dir='ltr'><strong>valeat</strong></span> <span class='ocrx_word' id='word_1_225' title='bbox 1235 2558 1318 2612; x_wconf 90' lang='lat' dir='ltr'><strong>quarn</strong></span> 
     </span>
     <span class='ocr_line' id='line_1_25' title="bbox 222 2625 1318 2696; baseline 0.005 -18"><span class='ocrx_word' id='word_1_226' title='bbox 222 2625 307 2680; x_wconf 90' lang='lat' dir='ltr'><strong>ceteri</strong></span> <span class='ocrx_word' id='word_1_227' title='bbox 326 2641 430 2681; x_wconf 89' lang='lat' dir='ltr'><strong>ornnes.</strong></span> <span class='ocrx_word' id='word_1_228' title='bbox 465 2627 554 2682; x_wconf 89' lang='lat' dir='ltr'><strong>Porro</strong></span> <span class='ocrx_word' id='word_1_229' title='bbox 580 2628 604 2682; x_wconf 91' lang='lat' dir='ltr'><strong>si</strong></span> <span class='ocrx_word' id='word_1_230' title='bbox 629 2628 838 2684; x_wconf 86' lang='lat' dir='ltr'><strong>consideramus</strong></span> <span class='ocrx_word' id='word_1_231' title='bbox 862 2627 914 2682; x_wconf 88' lang='lat' dir='ltr'><strong>hos</strong></span> <span class='ocrx_word' id='word_1_232' title='bbox 933 2628 1086 2696; x_wconf 85' lang='lat' dir='ltr'><strong>scriptores</strong></span> <span class='ocrx_word' id='word_1_233' title='bbox 1110 2627 1233 2696; x_wconf 83' lang='lat' dir='ltr'><strong>insignes</strong></span> <span class='ocrx_word' id='word_1_234' title='bbox 1252 2645 1318 2684; x_wconf 88' lang='lat' dir='ltr'><strong>esse</strong></span> 
     </span>
     <span class='ocr_line' id='line_1_26' title="bbox 220 2711 1317 2784; baseline 0.004 -18"><span class='ocrx_word' id='word_1_235' title='bbox 220 2711 290 2766; x_wconf 89' lang='lat' dir='ltr'><strong>mira</strong></span> <span class='ocrx_word' id='word_1_236' title='bbox 307 2728 359 2766; x_wconf 89' lang='lat' dir='ltr'><strong>sua</strong></span> <span class='ocrx_word' id='word_1_237' title='bbox 376 2712 549 2782; x_wconf 72' lang='lat' dir='ltr'><strong>pigritiam</strong></span> <span class='ocrx_word' id='word_1_238' title='bbox 567 2731 591 2770; x_wconf 93' lang='lat' dir='ltr'><strong>e.</strong></span> <span class='ocrx_word' id='word_1_239' title='bbox 610 2731 638 2784; x_wconf 82' lang='lat' dir='ltr'><strong>g.</strong></span> <span class='ocrx_word' id='word_1_240' title='bbox 656 2714 685 2769; x_wconf 90' lang='lat' dir='ltr'><strong>in</strong></span> <span class='ocrx_word' id='word_1_241' title='bbox 702 2715 761 2769; x_wconf 87' lang='lat' dir='ltr'><strong>vita</strong></span> <span class='ocrx_word' id='word_1_242' title='bbox 775 2715 910 2770; x_wconf 88' lang='lat' dir='ltr'><strong>Hadriani</strong></span> <span class='ocrx_word' id='word_1_243' title='bbox 923 2715 1035 2784; x_wconf 88' lang='lat' dir='ltr'><strong>saepius</strong></span> <span class='ocrx_word' id='word_1_244' title='bbox 1048 2731 1096 2771; x_wconf 92' lang='lat' dir='ltr'><strong>eos</strong></span> <span class='ocrx_word' id='word_1_245' title='bbox 1110 2715 1219 2784; x_wconf 89' lang='lat' dir='ltr'><strong>copiam</strong></span> <span class='ocrx_word' id='word_1_246' title='bbox 1236 2717 1317 2772; x_wconf 86' lang='lat' dir='ltr'><strong>Marii</strong></span> 
     </span>
     <span class='ocr_line' id='line_1_27' title="bbox 223 2797 1318 2871; baseline 0.006 -20"><span class='ocrx_word' id='word_1_247' title='bbox 223 2797 334 2852; x_wconf 89' lang='lat' dir='ltr'><strong>Maximi</strong></span> <span class='ocrx_word' id='word_1_248' title='bbox 350 2797 494 2856; x_wconf 83' lang='lat' dir='ltr'><strong>fastidisse</strong></span> <span class='ocrx_word' id='word_1_249' title='bbox 501 2797 522 2865; x_wconf 80' lang='lat'><strong>²)</strong></span> <span class='ocrx_word' id='word_1_250' title='bbox 540 2806 568 2855; x_wconf 91' lang='lat' dir='ltr'><strong>et</strong></span> <span class='ocrx_word' id='word_1_251' title='bbox 580 2801 617 2856; x_wconf 90' lang='lat' dir='ltr'><strong>ad</strong></span> <span class='ocrx_word' id='word_1_252' title='bbox 628 2799 720 2856; x_wconf 87' lang='lat' dir='ltr'><strong>fontes</strong></span> <span class='ocrx_word' id='word_1_253' title='bbox 732 2801 818 2856; x_wconf 85' lang='lat' dir='ltr'><strong>multo</strong></span> <span class='ocrx_word' id='word_1_254' title='bbox 832 2801 960 2858; x_wconf 82' lang='lat' dir='ltr'><strong>exiliores</strong></span> <span class='ocrx_word' id='word_1_255' title='bbox 973 2819 1004 2858; x_wconf 91' lang='lat' dir='ltr'><strong>se</strong></span> <span class='ocrx_word' id='word_1_256' title='bbox 1017 2802 1177 2871; x_wconf 89' lang='lat' dir='ltr'><strong>applicasse</strong></span> <span class='ocrx_word' id='word_1_257' title='bbox 1197 2801 1318 2858; x_wconf 86' lang='lat' dir='ltr'><strong>vidimus</strong></span> 
     </span>
     <span class='ocr_line' id='line_1_28' title="bbox 225 2877 1318 2959; baseline 0.006 -20"><span class='ocrx_word' id='word_1_258' title='bbox 225 2888 254 2939; x_wconf 87' lang='lat' dir='ltr'><strong>et</strong></span> <span class='ocrx_word' id='word_1_259' title='bbox 270 2877 413 2939; x_wconf 89' lang='lat' dir='ltr'><strong>luculento</strong></span> <span class='ocrx_word' id='word_1_260' title='bbox 432 2887 557 2956; x_wconf 87' lang='lat' dir='ltr'><strong>exemplo</strong></span> <span class='ocrx_word' id='word_1_261' title='bbox 571 2903 606 2942; x_wconf 86' lang='lat' dir='ltr'><strong>ex</strong></span> <span class='ocrx_word' id='word_1_262' title='bbox 618 2887 682 2944; x_wconf 82' lang='lat' dir='ltr'><strong>Seu.</strong></span> <span class='ocrx_word' id='word_1_263' title='bbox 695 2888 754 2942; x_wconf 88' lang='lat' dir='ltr'><strong>vita</strong></span> <span class='ocrx_word' id='word_1_264' title='bbox 766 2889 923 2958; x_wconf 90' lang='lat' dir='ltr'><strong>desumpto,</strong></span> <span class='ocrx_word' id='word_1_265' title='bbox 943 2889 1018 2958; x_wconf 91' lang='lat' dir='ltr'><strong>quod</strong></span> <span class='ocrx_word' id='word_1_266' title='bbox 1031 2887 1125 2946; x_wconf 82' lang='lat' dir='ltr'><strong>facere</strong></span> <span class='ocrx_word' id='word_1_267' title='bbox 1136 2905 1191 2946; x_wconf 89' lang='lat' dir='ltr'><strong>non</strong></span> <span class='ocrx_word' id='word_1_268' title='bbox 1203 2905 1318 2959; x_wconf 90' lang='lat' dir='ltr'><strong>possum</strong></span> 
     </span>
     <span class='ocr_line' id='line_1_29' title="bbox 225 2971 1319 3044; baseline 0.005 -19"><span class='ocrx_word' id='word_1_269' title='bbox 225 2971 291 3040; x_wconf 89' lang='lat' dir='ltr'><strong>quin</strong></span> <span class='ocrx_word' id='word_1_270' title='bbox 308 2971 486 3042; x_wconf 87' lang='lat' dir='ltr'><strong>praecipiam,</strong></span> <span class='ocrx_word' id='word_1_271' title='bbox 506 2973 711 3042; x_wconf 88' lang='lat' dir='ltr'><strong>comprobatur,</strong></span> <span class='ocrx_word' id='word_1_272' title='bbox 730 2991 793 3030; x_wconf 89' lang='lat' dir='ltr'><strong>cum</strong></span> <span class='ocrx_word' id='word_1_273' title='bbox 810 2974 976 3044; x_wconf 82' lang='lat' dir='ltr'><strong>Spartianus</strong></span> <span class='ocrx_word' id='word_1_274' title='bbox 988 2975 1078 3043; x_wconf 87' lang='lat' dir='ltr'>XVII,</span> <span class='ocrx_word' id='word_1_275' title='bbox 1096 2975 1113 3030; x_wconf 91' lang='lat'>5</span> <span class='ocrx_word' id='word_1_276' title='bbox 1131 2975 1208 3032; x_wconf 88' lang='lat' dir='ltr'><strong>hisee</strong></span> <span class='ocrx_word' id='word_1_277' title='bbox 1225 2976 1319 3033; x_wconf 89' lang='lat' dir='ltr'><strong>verbis</strong></span> 
     </span>
     <span class='ocr_line' id='line_1_30' title="bbox 224 3059 1317 3132; baseline 0.007 -21"><span class='ocrx_word' id='word_1_278' title='bbox 224 3073 293 3112; x_wconf 90' lang='lat' dir='ltr'><strong>usus</strong></span> <span class='ocrx_word' id='word_1_279' title='bbox 314 3063 359 3126; x_wconf 89' lang='lat' dir='ltr'><strong>„et</strong></span> <span class='ocrx_word' id='word_1_280' title='bbox 377 3059 507 3127; x_wconf 89' lang='lat' dir='ltr'><strong>quoniam</strong></span> <span class='ocrx_word' id='word_1_281' title='bbox 525 3060 640 3129; x_wconf 81' lang='lat' dir='ltr'><strong>longum</strong></span> <span class='ocrx_word' id='word_1_282' title='bbox 658 3065 703 3116; x_wconf 90' lang='lat' dir='ltr'><strong>est</strong></span> <span class='ocrx_word' id='word_1_283' title='bbox 719 3061 825 3116; x_wconf 90' lang='lat' dir='ltr'><strong>minora</strong></span> <span class='ocrx_word' id='word_1_284' title='bbox 843 3063 974 3132; x_wconf 88' lang='lat' dir='ltr'><strong>persequi</strong></span> <span class='ocrx_word' id='word_1_285' title='bbox 990 3059 1069 3130; x_wconf 82' lang='lat' dir='ltr'><strong>etc.“,</strong></span> <span class='ocrx_word' id='word_1_286' title='bbox 1079 3079 1245 3132; x_wconf 89' lang='lat' dir='ltr'><strong>quamquam</strong></span> <span class='ocrx_word' id='word_1_287' title='bbox 1257 3079 1317 3132; x_wconf 91' lang='lat' dir='ltr'><strong>per·</strong></span> 
     </span>
     <span class='ocr_line' id='line_1_31' title="bbox 223 3145 1318 3216; baseline 0.006 -19"><span class='ocrx_word' id='word_1_288' title='bbox 223 3145 310 3198; x_wconf 91' lang='lat' dir='ltr'><strong>multa</strong></span> <span class='ocrx_word' id='word_1_289' title='bbox 328 3149 357 3199; x_wconf 85' lang='lat' dir='ltr'><strong>et</strong></span> <span class='ocrx_word' id='word_1_290' title='bbox 375 3146 541 3213; x_wconf 82' lang='lat' dir='ltr'><strong>gravissima</strong></span> <span class='ocrx_word' id='word_1_291' title='bbox 553 3147 700 3202; x_wconf 85' lang='lat' dir='ltr'><strong>referenda</strong></span> <span class='ocrx_word' id='word_1_292' title='bbox 717 3153 832 3216; x_wconf 86' lang='lat' dir='ltr'><strong>restant,</strong></span> <span class='ocrx_word' id='word_1_293' title='bbox 845 3149 882 3204; x_wconf 91' lang='lat' dir='ltr'><strong>ad</strong></span> <span class='ocrx_word' id='word_1_294' title='bbox 900 3147 1004 3204; x_wconf 85' lang='lat' dir='ltr'><strong>fontem</strong></span> <span class='ocrx_word' id='word_1_295' title='bbox 1016 3149 1143 3204; x_wconf 89' lang='lat' dir='ltr'><strong>omnihus</strong></span> <span class='ocrx_word' id='word_1_296' title='bbox 1155 3149 1318 3206; x_wconf 85' lang='lat' dir='ltr'><strong>steriliorem</strong></span> 
     </span>
     <span class='ocr_line' id='line_1_32' title="bbox 224 3233 1320 3305; baseline 0.005 -21"><span class='ocrx_word' id='word_1_297' title='bbox 224 3246 254 3285; x_wconf 88' lang='lat' dir='ltr'><strong>se</strong></span> <span class='ocrx_word' id='word_1_298' title='bbox 272 3237 418 3286; x_wconf 89' lang='lat' dir='ltr'><strong>convertat</strong></span> <span class='ocrx_word' id='word_1_299' title='bbox 436 3248 554 3302; x_wconf 88' lang='lat' dir='ltr'><strong>eumque</strong></span> <span class='ocrx_word' id='word_1_300' title='bbox 571 3233 741 3292; x_wconf 86' lang='lat' dir='ltr'><strong>verbotenus</strong></span> <span class='ocrx_word' id='word_1_301' title='bbox 760 3236 909 3304; x_wconf 84' lang='lat' dir='ltr'><strong>exscribat,</strong></span> <span class='ocrx_word' id='word_1_302' title='bbox 927 3265 960 3273; x_wconf 96' lang='lat'><em>-</em></span> <span class='ocrx_word' id='word_1_303' title='bbox 974 3235 1035 3304; x_wconf 86' lang='lat' dir='ltr'><strong>quis</strong></span> <span class='ocrx_word' id='word_1_304' title='bbox 1048 3235 1160 3290; x_wconf 88' lang='lat' dir='ltr'><strong>tandem</strong></span> <span class='ocrx_word' id='word_1_305' title='bbox 1177 3237 1320 3305; x_wconf 87' lang='lat' dir='ltr'><strong>putaverit</strong></span> 
     </span>
     <span class='ocr_line' id='line_1_33' title="bbox 226 3315 1318 3391; baseline 0.006 -22"><span class='ocrx_word' id='word_1_306' title='bbox 226 3315 263 3370; x_wconf 89' lang='lat' dir='ltr'><strong>ad</strong></span> <span class='ocrx_word' id='word_1_307' title='bbox 279 3317 397 3372; x_wconf 89' lang='lat' dir='ltr'><strong>Dionem</strong></span> <span class='ocrx_word' id='word_1_308' title='bbox 415 3318 476 3374; x_wconf 86' lang='lat' dir='ltr'><strong>illos</strong></span> <span class='ocrx_word' id='word_1_309' title='bbox 495 3319 583 3375; x_wconf 84' lang='lat' dir='ltr'><strong>Mario</strong></span> <span class='ocrx_word' id='word_1_310' title='bbox 601 3321 721 3377; x_wconf 85' lang='lat' dir='ltr'><strong>Maximo</strong></span> <span class='ocrx_word' id='word_1_311' title='bbox 738 3324 825 3378; x_wconf 87' lang='lat' dir='ltr'><strong>multo</strong></span> <span class='ocrx_word' id='word_1_312' title='bbox 844 3322 1001 3379; x_wconf 89' lang='lat' dir='ltr'><strong>uberiorem</strong></span> <span class='ocrx_word' id='word_1_313' title='bbox 1018 3322 1178 3391; x_wconf 87' lang='lat' dir='ltr'><strong>accessisse,</strong></span> <span class='ocrx_word' id='word_1_314' title='bbox 1194 3338 1318 3391; x_wconf 90' lang='lat' dir='ltr'><strong>praeser-</strong></span> 
     </span>
     <span class='ocr_line' id='line_1_34' title="bbox 225 3402 1319 3478; baseline 0.006 -21"><span class='ocrx_word' id='word_1_315' title='bbox 225 3402 355 3459; x_wconf 86' lang='lat' dir='ltr'><strong>timeum</strong></span> <span class='ocrx_word' id='word_1_316' title='bbox 378 3421 434 3459; x_wconf 93' lang='lat' dir='ltr'><strong>non</strong></span> <span class='ocrx_word' id='word_1_317' title='bbox 457 3406 541 3462; x_wconf 90' lang='lat' dir='ltr'><strong>modo</strong></span> <span class='ocrx_word' id='word_1_318' title='bbox 560 3407 666 3464; x_wconf 83' lang='lat' dir='ltr'><strong>Graece</strong></span> <span class='ocrx_word' id='word_1_319' title='bbox 691 3409 848 3478; x_wconf 87' lang='lat' dir='ltr'><strong>scripserit,</strong></span> <span class='ocrx_word' id='word_1_320' title='bbox 872 3409 925 3466; x_wconf 90' lang='lat' dir='ltr'><strong>sed</strong></span> <span class='ocrx_word' id='word_1_321' title='bbox 948 3410 1045 3477; x_wconf 89' lang='lat' dir='ltr'><strong>etiam,</strong></span> <span class='ocrx_word' id='word_1_322' title='bbox 1069 3409 1145 3478; x_wconf 90' lang='lat' dir='ltr'><strong>qnod</strong></span> <span class='ocrx_word' id='word_1_323' title='bbox 1168 3409 1208 3464; x_wconf 90' lang='lat' dir='ltr'><strong>eis</strong></span> <span class='ocrx_word' id='word_1_324' title='bbox 1229 3409 1319 3464; x_wconf 91' lang='lat' dir='ltr'><strong>minus</strong></span> 
     </span>
     <span class='ocr_line' id='line_1_35' title="bbox 226 3491 1317 3568; baseline 0.006 -25"><span class='ocrx_word' id='word_1_325' title='bbox 226 3491 400 3546; x_wconf 89' lang='lat' dir='ltr'><strong>commodum</strong></span> <span class='ocrx_word' id='word_1_326' title='bbox 423 3491 489 3562; x_wconf 86' lang='lat' dir='ltr'><strong>fuit,</strong></span> <span class='ocrx_word' id='word_1_327' title='bbox 515 3510 569 3548; x_wconf 93' lang='lat' dir='ltr'><strong>non</strong></span> <span class='ocrx_word' id='word_1_328' title='bbox 593 3500 650 3550; x_wconf 85' lang='lat' dir='ltr'><strong>tam</strong></span> <span class='ocrx_word' id='word_1_329' title='bbox 676 3496 812 3566; x_wconf 85' lang='lat' dir='ltr'><strong>imagines</strong></span> <span class='ocrx_word' id='word_1_330' title='bbox 846 3513 929 3568; x_wconf 89' lang='lat' dir='ltr'><strong>quarn</strong></span> <span class='ocrx_word' id='word_1_331' title='bbox 954 3495 1086 3552; x_wconf 86' lang='lat' dir='ltr'><strong>historias</strong></span> <span class='ocrx_word' id='word_1_332' title='bbox 1122 3495 1317 3565; x_wconf 90' lang='lat' dir='ltr'><strong>composuerit.</strong></span> 
     </span>
     <span class='ocr_line' id='line_1_36' title="bbox 227 3576 1318 3652; baseline 0.007 -21"><span class='ocrx_word' id='word_1_333' title='bbox 227 3576 304 3642; x_wconf 83' lang='lat' dir='ltr'><strong>Quae</strong></span> <span class='ocrx_word' id='word_1_334' title='bbox 321 3577 346 3632; x_wconf 93' lang='lat' dir='ltr'><strong>si</strong></span> <span class='ocrx_word' id='word_1_335' title='bbox 364 3580 521 3647; x_wconf 86' lang='lat' dir='ltr'><strong>generalius</strong></span> <span class='ocrx_word' id='word_1_336' title='bbox 540 3580 684 3650; x_wconf 88' lang='lat' dir='ltr'><strong>disputata</strong></span> <span class='ocrx_word' id='word_1_337' title='bbox 702 3583 840 3652; x_wconf 85' lang='lat' dir='ltr'><strong>videntur,</strong></span> <span class='ocrx_word' id='word_1_338' title='bbox 853 3583 908 3638; x_wconf 88' lang='lat' dir='ltr'><strong>alia</strong></span> <span class='ocrx_word' id='word_1_339' title='bbox 922 3582 1077 3639; x_wconf 79' lang='lat' dir='ltr'><strong>Boefnerus</strong></span> <span class='ocrx_word' id='word_1_340' title='bbox 1101 3583 1162 3652; x_wconf 89' lang='lat' dir='ltr'><strong>ipse</strong></span> <span class='ocrx_word' id='word_1_341' title='bbox 1189 3581 1318 3639; x_wconf 89' lang='lat' dir='ltr'><strong>submini-</strong></span> 
     </span>
     <span class='ocr_line' id='line_1_37' title="bbox 225 3663 1319 3739; baseline 0.005 -21"><span class='ocrx_word' id='word_1_342' title='bbox 225 3663 333 3732; x_wconf 89' lang='lat' dir='ltr'><strong>stravit,</strong></span> <span class='ocrx_word' id='word_1_343' title='bbox 356 3681 417 3720; x_wconf 87' lang='lat' dir='ltr'><strong>oum</strong></span> <span class='ocrx_word' id='word_1_344' title='bbox 435 3666 517 3721; x_wconf 88' lang='lat' dir='ltr'><strong>simul</strong></span> <span class='ocrx_word' id='word_1_345' title='bbox 534 3668 657 3724; x_wconf 88' lang='lat' dir='ltr'><strong>ostendit</strong></span> <span class='ocrx_word' id='word_1_346' title='bbox 674 3686 729 3725; x_wconf 92' lang='lat' dir='ltr'><strong>non</strong></span> <span class='ocrx_word' id='word_1_347' title='bbox 747 3671 838 3726; x_wconf 90' lang='lat' dir='ltr'><strong>omnia</strong></span> <span class='ocrx_word' id='word_1_348' title='bbox 855 3671 939 3726; x_wconf 92' lang='lat' dir='ltr'><strong>Dioni</strong></span> <span class='ocrx_word' id='word_1_349' title='bbox 956 3670 1092 3726; x_wconf 87' lang='lat' dir='ltr'><strong>vindicari</strong></span> <span class='ocrx_word' id='word_1_350' title='bbox 1109 3685 1201 3739; x_wconf 86' lang='lat' dir='ltr'><strong>posse.</strong></span> <span class='ocrx_word' id='word_1_351' title='bbox 1237 3670 1319 3736; x_wconf 77' lang='lat' dir='ltr'><strong>Quod</strong></span> 
     </span>
     <span class='ocr_line' id='line_1_38' title="bbox 225 3751 1318 3827; baseline 0.005 -22"><span class='ocrx_word' id='word_1_352' title='bbox 225 3751 297 3806; x_wconf 89' lang='lat' dir='ltr'><strong>enim</strong></span> <span class='ocrx_word' id='word_1_353' title='bbox 321 3767 367 3820; x_wconf 89' lang='lat' dir='ltr'><strong>ea,</strong></span> <span class='ocrx_word' id='word_1_354' title='bbox 394 3769 465 3822; x_wconf 89' lang='lat' dir='ltr'><strong>quae</strong></span> <span class='ocrx_word' id='word_1_355' title='bbox 489 3753 654 3823; x_wconf 80' lang='lat' dir='ltr'><strong>Spartianus</strong></span> <span class='ocrx_word' id='word_1_356' title='bbox 679 3758 714 3813; x_wconf 91' lang='lat' dir='ltr'><strong>de</strong></span> <span class='ocrx_word' id='word_1_357' title='bbox 738 3757 829 3814; x_wconf 79' lang='lat' dir='ltr'><strong>Tullio</strong></span> <span class='ocrx_word' id='word_1_358' title='bbox 854 3757 982 3827; x_wconf 82' lang='lat' dir='ltr'><strong>Crispino</strong></span> <span class='ocrx_word' id='word_1_359' title='bbox 1006 3756 1149 3826; x_wconf 84' lang='lat' dir='ltr'><strong>praefecto</strong></span> <span class='ocrx_word' id='word_1_360' title='bbox 1176 3757 1318 3826; x_wconf 88' lang='lat' dir='ltr'><strong>praetorio</strong></span> 
     </span>
     <span class='ocr_line' id='line_1_39' title="bbox 225 3837 1318 3916; baseline 0.007 -26"><span class='ocrx_word' id='word_1_361' title='bbox 225 3837 323 3892; x_wconf 88' lang='lat' dir='ltr'><strong>Iuliani</strong></span> <span class='ocrx_word' id='word_1_362' title='bbox 340 3837 457 3908; x_wconf 79' lang='lat' dir='ltr'><strong>refert⁸)‚</strong></span> <span class='ocrx_word' id='word_1_363' title='bbox 475 3841 513 3896; x_wconf 88' lang='lat' dir='ltr'><strong>ad</strong></span> <span class='ocrx_word' id='word_1_364' title='bbox 530 3840 606 3897; x_wconf 92' lang='lat' dir='ltr'><strong>illum</strong></span> <span class='ocrx_word' id='word_1_365' title='bbox 624 3859 766 3916; x_wconf 75' lang='lat' dir='ltr'><strong>reuocare,</strong></span> <span class='ocrx_word' id='word_1_366' title='bbox 785 3845 850 3916; x_wconf 90' lang='lat' dir='ltr'><strong>quia</strong></span> <span class='ocrx_word' id='word_1_367' title='bbox 867 3845 906 3904; x_wconf 90' lang='lat' dir='ltr'><strong>ibi</strong></span> <span class='ocrx_word' id='word_1_368' title='bbox 924 3860 1060 3914; x_wconf 86' lang='lat' dir='ltr'><strong>nusquam</strong></span> <span class='ocrx_word' id='word_1_369' title='bbox 1078 3845 1138 3899; x_wconf 88' lang='lat' dir='ltr'><strong>eius</strong></span> <span class='ocrx_word' id='word_1_370' title='bbox 1155 3843 1259 3900; x_wconf 86' lang='lat' dir='ltr'><strong>mentio</strong></span> <span class='ocrx_word' id='word_1_371' title='bbox 1278 3841 1318 3912; x_wconf 88' lang='lat' dir='ltr'><strong>lit,</strong></span> 
     </span>
    </p>
   </div>
   <div class='ocr_carea' id='block_1_3' title="bbox 295 3993 1338 4332">
    <p class='ocr_par' dir='ltr' id='par_1_3' title="bbox 298 3993 396 4046">
     <span class='ocr_line' id='line_1_40' title="bbox 298 3993 396 4046; baseline 0.01 -1"><span class='ocrx_word' id='word_1_372' title='bbox 298 3993 316 4045; x_wconf 88' lang='lat'><strong>¹)</strong></span> <span class='ocrx_word' id='word_1_373' title='bbox 330 4006 350 4046; x_wconf 80' lang='lat' dir='ltr'><strong>r·</strong></span> <span class='ocrx_word' id='word_1_374' title='bbox 365 3999 396 4038; x_wconf 73' lang='lat'><strong>20-</strong></span> 
     </span>
    </p>

    <p class='ocr_par' dir='ltr' id='par_1_4' title="bbox 296 4061 1319 4260">
     <span class='ocr_line' id='line_1_41' title="bbox 296 4061 1317 4122; baseline 0.008 -18"><span class='ocrx_word' id='word_1_375' title='bbox 296 4061 422 4116; x_wconf 70' lang='lat' dir='ltr'><strong>²)Murium</strong></span> <span class='ocrx_word' id='word_1_376' title='bbox 444 4067 535 4108; x_wconf 82' lang='lat' dir='ltr'><strong>Maximi</strong></span> <span class='ocrx_word' id='word_1_377' title='bbox 557 4069 704 4110; x_wconf 82' lang='lat' dir='ltr'><strong>namattonem</strong></span> <span class='ocrx_word' id='word_1_378' title='bbox 726 4069 776 4110; x_wconf 89' lang='lat' dir='ltr'><strong>illos</strong></span> <span class='ocrx_word' id='word_1_379' title='bbox 799 4071 912 4112; x_wconf 85' lang='lat' dir='ltr'><strong>decurtare</strong></span> <span class='ocrx_word' id='word_1_380' title='bbox 935 4081 1024 4111; x_wconf 85' lang='lat' dir='ltr'><strong>necesse</strong></span> <span class='ocrx_word' id='word_1_381' title='bbox 1047 4075 1107 4122; x_wconf 83' lang='lat' dir='ltr'><strong>erat,</strong></span> <span class='ocrx_word' id='word_1_382' title='bbox 1127 4081 1176 4111; x_wconf 89' lang='lat' dir='ltr'><strong>curn</strong></span> <span class='ocrx_word' id='word_1_383' title='bbox 1195 4071 1248 4112; x_wconf 83' lang='lat' dir='ltr'><strong>ahos</strong></span> <span class='ocrx_word' id='word_1_384' title='bbox 1268 4081 1317 4122; x_wconf 79' lang='lat' dir='ltr'><strong>par·</strong></span> 
     </span>
     <span class='ocr_line' id='line_1_42' title="bbox 330 4135 1319 4192; baseline 0.009 -19"><span class='ocrx_word' id='word_1_385' title='bbox 330 4135 399 4175; x_wconf 83' lang='lat' dir='ltr'><strong>olores</strong></span> <span class='ocrx_word' id='word_1_386' title='bbox 411 4136 483 4178; x_wconf 80' lang='lat' dir='ltr'><strong>sontes</strong></span> <span class='ocrx_word' id='word_1_387' title='bbox 497 4138 630 4178; x_wconf 81' lang='lat' dir='ltr'><strong>verbotenus</strong></span> <span class='ocrx_word' id='word_1_388' title='bbox 640 4140 799 4192; x_wconf 79' lang='lat' dir='ltr'><strong>exscripserint,</strong></span> <span class='ocrx_word' id='word_1_389' title='bbox 813 4144 837 4180; x_wconf 86' lang='lat' dir='ltr'><strong>nt</strong></span> <span class='ocrx_word' id='word_1_390' title='bbox 850 4151 878 4180; x_wconf 87' lang='lat' dir='ltr'><strong>ex</strong></span> <span class='ocrx_word' id='word_1_391' title='bbox 892 4151 918 4180; x_wconf 88' lang='lat' dir='ltr'><strong>eo</strong></span> <span class='ocrx_word' id='word_1_392' title='bbox 928 4143 1026 4192; x_wconf 83' lang='lat' dir='ltr'><strong>apparet,</strong></span> <span class='ocrx_word' id='word_1_393' title='bbox 1041 4141 1101 4191; x_wconf 89' lang='lat' dir='ltr'><strong>quod</strong></span> <span class='ocrx_word' id='word_1_394' title='bbox 1115 4151 1163 4182; x_wconf 88' lang='lat' dir='ltr'><strong>cum</strong></span> <span class='ocrx_word' id='word_1_395' title='bbox 1177 4142 1235 4182; x_wconf 82' lang='lat' dir='ltr'><strong>allae</strong></span> <span class='ocrx_word' id='word_1_396' title='bbox 1244 4151 1319 4182; x_wconf 87' lang='lat' dir='ltr'><strong>eorum</strong></span> 
     </span>
     <span class='ocr_line' id='line_1_43' title="bbox 330 4206 1318 4260; baseline 0.006 -14"><span class='ocrx_word' id='word_1_397' title='bbox 330 4206 475 4256; x_wconf 76' lang='lat' dir='ltr'><strong>proprietates</strong></span> <span class='ocrx_word' id='word_1_398' title='bbox 488 4211 534 4248; x_wconf 87' lang='lat' dir='ltr'><strong>turn</strong></span> <span class='ocrx_word' id='word_1_399' title='bbox 547 4209 664 4259; x_wconf 83' lang='lat' dir='ltr'><strong>praecipua</strong></span> <span class='ocrx_word' id='word_1_400' title='bbox 678 4210 787 4258; x_wconf 82' lang='lat' dir='ltr'><strong>peculiare</strong></span> <span class='ocrx_word' id='word_1_401' title='bbox 801 4210 968 4260; x_wconf 84' lang='lat' dir='ltr'><strong>uniuscuiusque</strong></span> <span class='ocrx_word' id='word_1_402' title='bbox 980 4221 1050 4260; x_wconf 80' lang='lat' dir='ltr'><strong>genus</strong></span> <span class='ocrx_word' id='word_1_403' title='bbox 1059 4210 1145 4251; x_wconf 83' lang='lat' dir='ltr'><strong>dicendi</strong></span> <span class='ocrx_word' id='word_1_404' title='bbox 1154 4213 1265 4252; x_wconf 70' lang='lat' dir='ltr'><strong>semotum</strong></span> <span class='ocrx_word' id='word_1_405' title='bbox 1279 4215 1318 4252; x_wconf 82' lang='lat' dir='ltr'><strong>est.</strong></span> 
     </span>
    </p>

    <p class='ocr_par' dir='ltr' id='par_1_5' title="bbox 295 4271 1338 4332">
     <span class='ocr_line' id='line_1_44' title="bbox 295 4271 1338 4332; baseline 0.007 -17"><span class='ocrx_word' id='word_1_406' title='bbox 295 4271 374 4326; x_wconf 75' lang='lat' dir='ltr'><strong>³)Vlt.</strong></span> <span class='ocrx_word' id='word_1_407' title='bbox 393 4276 444 4317; x_wconf 82' lang='lat' dir='ltr'><strong>Did</strong></span> <span class='ocrx_word' id='word_1_408' title='bbox 457 4276 501 4318; x_wconf 83' lang='lat' dir='ltr'><strong>Jnl.</strong></span> <span class='ocrx_word' id='word_1_409' title='bbox 515 4278 558 4330; x_wconf 87' lang='lat' dir='ltr'><strong>VI,</strong></span> <span class='ocrx_word' id='word_1_410' title='bbox 578 4281 593 4319; x_wconf 81' lang='lat'>4</span> <span class='ocrx_word' id='word_1_411' title='bbox 610 4278 695 4320; x_wconf 65' lang='lat' dir='ltr'><strong>hunos</strong></span> <span class='ocrx_word' id='word_1_412' title='bbox 714 4277 825 4330; x_wconf 74' lang='lat' dir='ltr'><strong>Crispinus</strong></span> <span class='ocrx_word' id='word_1_413' title='bbox 843 4279 965 4331; x_wconf 77' lang='lat' dir='ltr'><strong>praelectus</strong></span> <span class='ocrx_word' id='word_1_414' title='bbox 985 4275 1093 4332; x_wconf 75' lang='lat' dir='ltr'><strong>praetorto</strong></span> <span class='ocrx_word' id='word_1_415' title='bbox 1114 4284 1191 4322; x_wconf 70' lang='lat' dir='ltr'><strong>conus</strong></span> <span class='ocrx_word' id='word_1_416' title='bbox 1210 4281 1317 4324; x_wconf 80' lang='lat' dir='ltr'><strong>Severum</strong></span> <span class='ocrx_word' id='word_1_417' title='bbox 1337 4275 1338 4278; x_wconf 65' lang='grc'>’</span> 
     </span>
    </p>
   </div>
   <div class='ocr_carea' id='block_1_4' title="bbox 0 0 1599 4868">
    <p class='ocr_par' dir='ltr' id='par_1_6' title="bbox 0 0 1599 4868">
     <span class='ocr_line' id='line_1_45' title="bbox 0 0 1599 4868; baseline 0 0"><span class='ocrx_word' id='word_1_418' title='bbox 0 0 1599 4868; x_wconf 95' lang='lat' dir='ltr'><strong> </strong></span> 
     </span>
    </p>
   </div>
  </div>
 </body>
</html>
