3112 4874
766 348 868 448 m

269 557 367 598 norum
386 541 518 596 rationem
536 546 663 610 coeptam
682 555 751 596 esse.
782 542 869 607 Quam
886 541 994 607 seriem,
1012 539 1090 597 onius
1108 541 1214 598 initium
1232 543 1317 610 vulgo
1336 556 1361 596 a.

269 628 320 682 112
333 644 360 696 p.
374 626 445 695 (ihr,
464 643 520 697 quo
532 627 689 682 Hadrianus
707 628 789 683 etiam
807 629 932 697 privatus
948 628 984 684 ab
996 628 1209 685 Atheniensibus
1222 629 1361 684 archontia

269 730 382 770 munere
399 719 513 770 ornatus
532 719 589 782 est,
614 712 699 768 fuisse
722 715 887 783 putabatur,
911 714 1142 784 Dittenbergerus
1163 731 1197 771 ex
1215 733 1249 771 eo
1266 715 1361 784 potius

269 817 354 869 anno,
374 817 430 871 quo
447 801 604 856 Hadrianus
622 801 739 869 primum
757 802 886 871 princeps
903 801 1028 856 Athenas
1046 803 1216 870 pervenerit,
1240 801 1364 858 incohari

269 888 421 946 certissime
444 887 679 954 demonstravit¹).
715 888 791 944 Idem
814 905 830 944 θ
854 887 963 946 duabus
986 888 1223 958 inscriptionibus,
1248 908 1364 961 quarum

170 1033 174 1043 ,
269 976 357 1030 altera
383 980 427 1030 est
451 975 479 1032 in
505 974 536 1030 0.
563 975 591 1030 J.
618 974 651 1032 G.
679 976 744 1043 281,
771 977 872 1045 altera,
900 991 972 1044 qnae
998 977 1155 1044 catalogum
1179 978 1361 1046 Prytanorum

269 1061 388 1129 exhibet,
406 1077 431 1118 a.
450 1062 519 1116 1870
530 1062 648 1118 Athenis
666 1062 778 1118 inventa
796 1069 825 1119 et
843 1079 868 1118 a.
888 1063 956 1117 1872
974 1060 1188 1118 aHirschieldio
1200 1063 1227 1118 in
1245 1065 1362 1132 ,Bullat-

268 1147 328 1202 tino
357 1147 420 1203 deil'
444 1149 573 1215 instituto
595 1148 624 1203 di
648 1148 763 1217 corrisp.
781 1146 872 1204 arch.“
893 1148 962 1203 1872
985 1165 1012 1218 p.
1031 1150 1080 1203 117
1104 1165 1146 1218 sq.
1171 1150 1274 1218 publici
1297 1153 1365 1210 iuris

270 1233 347 1290 facta
371 1240 421 1302 est,
445 1235 576 1305 probavit
600 1235 716 1304 primum
734 1236 905 1290 Hadrianum
922 1235 1038 1292 Athenis
1063 1242 1203 1292 versatum
1226 1254 1288 1294 esse
1311 1256 1365 1295 non

270 1328 336 1390 post
353 1337 378 1377 a.
397 1321 495 1376 133134
513 1337 602 1392 neque
619 1327 683 1378 ante
700 1338 726 1378 a.
739 1320 844 1378 124125.
863 1322 933 1378 Tum
946 1322 1184 1392 Dittenbergerus,
1203 1329 1234 1378 ut
1247 1324 1366 1393 videtur,

271 1423 306 1463 ne
329 1407 440 1478 longius
464 1425 481 1463 a
504 1414 659 1464 ceterorum
682 1408 827 1464 doctorum
851 1409 972 1464 virorum
995 1399 1137 1466 sententiis
1161 1410 1316 1479 recederet,
1340 1429 1365 1467 a.

272 1493 387 1549 1241125
405 1495 485 1564 primi
508 1495 644 1550 adventus
663 1511 762 1550 annum
782 1510 844 1550 esse
861 1495 1036 1552 existimavit.
1055 1525 1088 1534 -
1108 1496 1163 1553 Sed
1180 1497 1289 1554 duabus
1308 1499 1368 1554 aliis

271 1582 511 1651 inscriptionibus,
536 1597 606 1652 quas
624 1581 747 1638 invenies
765 1582 793 1636 in
812 1582 842 1638 0.
860 1583 887 1637 J.
907 1581 940 1638 G.
959 1583 1011 1637 735
1028 1589 1057 1639 θῖ
1075 1585 1157 1652 1107,
1183 1585 1289 1641 collatis
1308 1587 1367 1641 eius

272 1670 408 1724 sententia
425 1675 531 1724 mutata
549 1674 600 1724 est.
637 1669 688 1722 735
707 1669 745 1723 ita
763 1669 873 1738 incipit:
898 1671 924 1720 ot
942 1671 987 1722 ἐπὶ
1011 1675 1068 1734 Tap.
1087 1670 1223 1724 Κλαυδίου
1244 1669 1366 1742 Ἡρώδου

273 1761 455 1825 Μαραθωνίου
472 1755 607 1826 ἄρχοντος,
625 1761 715 1820 τρίτου
734 1754 787 1806 α’πὸ
808 1761 853 1822 τῆς
871 1755 1015 1823 ἐπιδημίας.
1028 1759 1082 1808 τοῦ
1094 1763 1217 1825 μεγίστου
1229 1757 1368 1828 Λῦτοκρᾶ·

273 1862 348 1911 τορθς
365 1846 494 1910 Καίσαρος
517 1844 646 1908 Τραιανοῠ
668 1838 807 1910 Ἀδριανοῦ
818 1845 965 1907 Σεβαστοῦ,
984 1843 1071 1896 altera
1089 1847 1181 1899 31110111
1198 1842 1269 1900 hanc
1287 1844 1371 1900 habet

273 1927 417 1982 formulam
439 1923 576 1999 cersidros
601 1923 655 1979 rimi
679 1923 734 1994 τῆ]ς
752 1923 866 1996 πρώτη[ς
884 1927 1022 1994 initiandae
1039 1927 1098 1997 τ]οῦ
1116 1926 1249 1999 [μεγίστου
1267 1929 1370 2000 Λῦ]το-

276 2011 411 2085 κραΊτορος
429 2017 558 2082 Καίσαρος
578 2016 706 2084 Τραιανοῦ
729 2010 878 2083 Ἀδριανοῦ]
888 2011 917 2079 ²).
938 2014 999 2069 Hoc
1021 2012 1123 2086 πρώτης
1140 2016 1269 2084 quoniam
1286 2018 1369 2072 tertio

276 2116 348 2156 anno
360 2115 414 2154 non
428 2099 548 2166 additur,
567 2104 667 2167 quarto
680 2099 800 2166 additur,
818 2106 937 2173 apparet
948 2100 995 2156 illo
1008 2115 1078 2156 anno
1090 2102 1260 2157 Hadrianum
1272 2103 1370 2159 iterum

276 2186 393 2243 Athenis
413 2183 506 2242 luisse.
542 2185 638 2254 Atque
662 2200 723 2240 cum
740 2185 958 2242 demonstratum
982 2188 1032 2256 sit,
1056 2188 1173 2257 primurn
1191 2205 1290 2243 annum
1308 2205 1369 2244 esse

275 2278 324 2328 aut
342 2289 367 2328 a.
380 2271 460 2326 12415
479 2277 628 2327 autunum
646 2287 681 2326 ex
693 2272 823 2340 proximis
841 2273 1049 2342 insequentibus
1062 2273 1148 2340 annis,
1167 2279 1291 2343 quartus,
1311 2292 1366 2344 quo

277 2361 377 2416 iterum
395 2359 552 2414 Hadrianus
570 2358 688 2414 Athenis
705 2357 772 2428 fuit,
791 2365 839 2414 aut
857 2375 882 2414 a.
901 2359 981 2415 12718
998 2365 1041 2415 est
1059 2365 1108 2414 aut
1125 2375 1196 2415 unns
1214 2376 1249 2414 ex
1266 2361 1306 2415 eis
1324 2361 1373 2429 qui

278 2447 403 2517 proxime
420 2445 610 2515 insequuntur.
629 2445 692 2500 Jarn
710 2451 803 2501 autem
820 2446 1059 2516 Dittenbergerus,
1078 2462 1139 2501 curn
1157 2452 1239 2502 antea
1256 2447 1372 2515 primum

279 2535 429 2589 adventum
447 2533 475 2587 in
492 2548 517 2586 a.
530 2529 610 2585 12415
625 2532 724 2587 cadere
737 2533 897 2601 censuisset,
915 2549 939 2588 a.
953 2533 1050 2588 125126
1062 2531 1271 2602 praeferendum
1284 2532 1372 2599 duxit,

279 2621 319 2676 ita
336 2626 368 2676 ut
385 2621 483 2676 iterum
501 2619 630 2689 princeps
649 2618 764 2675 Athenis
783 2626 910 2675 versatus
928 2619 1014 2674 luisse
1031 2620 1158 2675 videatur
1176 2635 1201 2674 a.
1220 2619 1308 2674 12810.
1327 2659 1335 2666 .

366 2707 428 2774 Qua
465 2707 623 2762 coniectura
647 2735 681 2744 -—
705 2723 754 2761 cur
781 2706 852 2761 enim
878 2707 918 2760 ita
942 2706 1111 2761 existimaret
1135 2707 1158 2760 is
1183 2706 1293 2774 quidem
1317 2721 1372 2760 non

280 2793 435 2862 aperuit-
448 2809 509 2848 eum
527 2793 651 2861 proxime
663 2793 700 2848 ad
715 2792 859 2848 veritatem
877 2793 1028 2848 accessisse
1045 2793 1168 2862 proclive
1186 2797 1230 2848 cst
1244 2791 1372 2860 probatu.

280 2880 361 2947 Quod
379 2879 450 2935 enim
468 2878 631 2948 Spartianus
649 2879 732 2946 XIH,
756 2881 772 2932 6
790 2895 832 2948 sq.
853 2884 985 2948 testatur,
1009 2879 1179 2935 Hadrianum
1206 2879 1319 2934 vixdum
1337 2893 1372 2933 ex

280 2966 377 3023 Africa
388 2967 504 3022 Romam
519 2982 660 3022 reversum
675 2967 712 3022 ad
729 2966 861 3022 orientem
879 2981 976 3022 versus
994 2965 1149 3036 profectum
1167 2981 1236 3033 esse,
1254 2965 1370 3020 Athenis

280 3053 451 3124 Olympicum
469 3054 642 3110 dedicavisse
666 3053 784 3122 indeque
808 3053 836 3108 in
853 3052 948 3108 Asiam
967 3058 1171 3122 transgressum
1194 3068 1244 3120 per
1262 3051 1370 3120 Syriam

279 3143 308 3197 in
325 3142 488 3212 Aegyptum
511 3142 685 3211 pervenisse,
708 3157 759 3196 nos
784 3157 799 3195 θ
822 3140 911 3196 tribus
935 3139 1175 3210 inscriptionibus,
1199 3155 1271 3209 quae
1294 3137 1373 3192 nobis
1434 3191 1435 3194 ,

280 3234 393 3298 praesto
409 3234 481 3297 sunt,
499 3234 624 3297 tempora
641 3227 710 3283 satis
722 3232 853 3284 accurate
868 3225 982 3283 delinire
993 3242 1141 3296 possumus
1153 3240 1250 3295 neque,
1263 3225 1374 3294 quando
1448 3281 1451 3286 ,
1523 3272 1530 3315 3

282 3315 399 3371 Athenis
417 3316 545 3384 princeps
563 3319 690 3370 versatus
714 3315 765 3382 sit,
783 3315 861 3368 dictu
884 3314 1001 3369 arduum
1023 3319 1074 3369 est.
1110 3313 1234 3383 Namque
1258 3327 1320 3367 oum
1340 3326 1375 3365 ex

281 3402 459 3471 inscriptione
477 3401 505 3455 in
522 3401 665 3469 provincia
677 3400 809 3469 Algerica
821 3400 897 3469 apud
915 3400 1048 3469 oppidum
1061 3399 1239 3454 Constantine
1253 3398 1373 3466 inventa,

284 3507 365 3560 quam
392 3488 527 3544 Rcuierus
554 3487 658 3556 publici
684 3487 751 3543 iuris
778 3485 898 3558 iecit⁸)‚,
918 3485 1061 3556 probabile
1088 3484 1153 3553 fiat,
1183 3485 1375 3556 imperatorem

358 3643 376 3697 l)
390 3646 482 3685 Hermes
495 3645 546 3697 VII,
559 3655 573 3694 p
588 3645 625 3684 213
639 3654 670 3692 sq.

357 3712 377 3766 ²)
390 3713 554 3766 supplementa,
568 3723 616 3752 oum
632 3723 659 3752 ex
673 3713 743 3762 primo
757 3723 823 3753 versu
836 3715 917 3765 pateat,
932 3716 984 3762 quot
996 3712 1082 3753 litterae
1097 3714 1120 3752 ln
1142 3712 1180 3764 els,
1193 3711 1231 3761 qui
1249 3712 1375 3759 sequnntur,

386 3784 415 3824 ah
428 3787 520 3832 utraque
533 3785 595 3833 parte
610 3783 724 3834 perierint,
738 3782 805 3822 dubia
817 3793 861 3822 non
875 3785 931 3822 sunt.

357 3851 376 3904 ³)
390 3853 414 3892 L.
429 3853 517 3904 Renier,
531 3852 597 3906 lrmcr.
612 3853 639 3892 de
652 3849 757 3902 1’Algerie
770 3863 804 3892 no.
818 3853 845 3903 5,
859 3851 886 3892 de
900 3863 943 3901 qua
955 3851 1104 3902 Waddlngton
1119 3852 1147 3893 ad
1159 3851 1257 3899 inscript.
1272 3849 1373 3898 Megaris.

390 3935 411 3963 a.
425 3925 464 3966 471
479 3921 549 3974 (c’est)
563 3933 593 3961 un
606 3923 669 3962 ordre
682 3921 772 3970 dulcor
791 3919 878 3962 adressa
896 3933 936 3972 par
956 3920 1085 3972 l'empereur
1106 3921 1205 3962 Hadrian
1226 3929 1268 3959 aux
1288 3921 1375 3966 troupcs

388 3993 513 4032 auxiliaires
525 3991 552 4031 <ie
565 3987 653 4031 l’armee
669 3989 789 4042 d’Afriqne,
802 3992 887 4040 lorsque
901 3992 926 4040 Q.
940 3991 1020 4031 Fabius
1033 3989 1155 4030 Catullinus
1169 3987 1223 4030 eiait
1236 3984 1295 4038 legat
1307 3981 1374 4035 impe-

389 4062 430 4101 rlal
445 4060 472 4102 de
485 4064 543 4101 cette
556 4061 667 4111 province.
689 4059 719 4099 Or
733 4070 757 4098 cc
770 4070 913 4112 personnuge,
927 4061 964 4109 qui
977 4059 1012 4099 fut
1025 4061 1100 4100 consul
1114 4059 1222 4098 ordinaire
1236 4068 1264 4096 en
1279 4057 1323 4106 130,
1338 4055 1376 4094 dut

390 4132 471 4179 quitter
484 4143 508 4172 aa
521 4131 625 4181 province
639 4139 689 4170 vers
702 4131 723 4170 le
736 4130 810 4169 milieu
825 4130 851 4172 dc
864 4127 950 4172 l'eunee
964 4126 1100 4180 precedente.
1113 4129 1169 4168 Mais
1177 4125 1230 4167 dest
1238 4137 1266 4166 en
1275 4129 1376 4167 automno

391 4200 525 4248 qu’Hndrien
539 4197 733 4250 visitsl'Airlque,
748 4209 784 4241 car
797 4199 898 4248 Spartien
913 4210 968 4241 nous
981 4199 1079 4248 apprend
1092 4196 1169 4248 (Hadr.
1184 4208 1201 4238 θ,
1216 4195 1251 4248 22)
1263 4192 1315 4242 qu'il
1328 4195 1376 4243 plut
1443 4189 1444 4194 ’
1486 4225 1487 4232 ,
1514 4177 1515 4180 “
1546 4169 1547 4176 ἶ
