3112 4874
696 402 738 468 41

666 496 769 503 -ρ-

168 597 357 652 Herodianum
382 596 567 664 consuluisse,
593 599 757 666 praesertim
782 611 844 652 cum
868 595 1043 651 Herodianus
1063 612 1175 666 quoque
1199 613 1262 651 nus·

170 701 252 754 quam
275 688 505 738 commemoretur
514 683 542 748 1).
578 684 669 738 Etiam
697 685 764 752 VH,
792 685 807 736 1
834 683 993 751 ,ingressus
1020 684 1120 738 deinde
1147 685 1264 738 Romam

170 776 292 825 armatus
312 787 375 824 cum
393 771 507 824 armatis
525 771 658 825 militibus
672 770 840 839 Capitolium
858 770 991 837 ascendit,
1005 771 1068 824 inde
1087 771 1114 825 in
1126 771 1264 826 Palatium

172 859 269 912 eodem
287 856 386 914 habitu
404 856 543 924 perrexit“
564 865 591 911 et
611 858 671 925 VII,
690 859 706 911 3
727 857 850 926 „fuitque
868 857 1010 924 ingressus
1029 857 1126 912 Seueri
1150 859 1265 914 odiosus

171 951 255 1014 atque
273 942 429 1010 terribilis“,
448 944 528 999 simul
547 945 584 998 ad
602 943 791 998 Herodianum
810 941 965 998 Hoefnerus
990 943 1088 1010 refert,
1113 945 1193 999 slmnl
1218 947 1265 1002 ad-

172 1039 251 1086 notat
269 1032 445 1100 Spartianum
465 1037 493 1086 et
510 1032 698 1086 Herodianum
722 1031 750 1084 in
776 1046 862 1084 causa
885 1030 958 1084 illius
982 1031 1096 1086 terroris
1120 1033 1268 1089 Indicauda

173 1120 285 1174 differre
293 1119 328 1186 ²)l
365 1121 419 1176 Sed
438 1121 478 1174 ita
496 1119 659 1188 Spartianus
678 1119 769 1174 fontes
788 1135 853 1174 suos
872 1135 927 1172 non
945 1119 1155 1188 circumspexit,
1174 1128 1205 1175 ut
1224 1137 1266 1176 se-

175 1207 294 1261 eundum
319 1208 435 1261 alterum
459 1223 517 1261 rem
540 1207 645 1274 ipsam,
672 1206 824 1261 secundum
851 1206 968 1260 alterum
996 1222 1108 1261 causam
1133 1214 1267 1275 narraret,

173 1294 225 1348 scd
243 1294 290 1348 uni
309 1311 418 1362 semper
436 1310 467 1348 se
485 1293 555 1348 fonti
573 1309 624 1362 per
642 1293 764 1361 spatium
783 1293 953 1362 aliquantum
971 1298 1061 1347 totum
1078 1310 1109 1348 se
1128 1293 1243 1349 addixit.

243 1380 301 1435 Sed
318 1397 467 1450 pergamus
487 1381 523 1434 ad
548 1397 570 1435 c.
589 1381 624 1434 X.
649 1379 822 1448 Epitomator
845 1379 890 1434 hic
908 1380 1034 1434 diversas
1059 1381 1210 1436 sententias
1230 1381 1265 1434 de

174 1469 282 1524 nomine
307 1468 441 1523 Antonini
466 1473 514 1522 aut
539 1467 699 1522 Caracallus
725 1466 776 1521 soli
795 1471 844 1520 aut
861 1467 972 1536 utrique
991 1465 1088 1521 Severi
1105 1465 1163 1521 filio
1181 1467 1267 1536 impo-

33 1551 41 1562 ”
103 1597 105 1600 -
175 1556 229 1610 sito
248 1555 373 1623 prolatas
399 1559 602 1609 commemorat.
638 1553 784 1607 Putaverit
801 1552 921 1606 fortasse
940 1553 1029 1620 primo
1049 1552 1150 1609 obtutu
1168 1555 1267 1624 abquIs
1342 1606 1344 1610 ,

176 1641 353 1708 spartianum
377 1639 428 1694 has
452 1655 547 1694 omnes
571 1640 626 1694 iam
650 1641 725 1708 apud
750 1645 891 1694 auctorem
915 1655 996 1693 suum
1021 1646 1169 1708 congestas
1193 1641 1268 1696 inve-

176 1728 266 1796 nisse3
292 1729 343 1783 sed
368 1729 438 1783 duas
463 1728 499 1784 ob
525 1745 624 1784 causas
648 1728 718 1782 haec
739 1728 876 1782 sententia
894 1727 1033 1782 relcienda
1060 1734 1111 1782 est.
1147 1729 1268 1783 Primum

178 1815 250 1868 enIm
270 1815 397 1870 diuersae
416 1816 479 1869 illae
499 1815 643 1883 opiniones
662 1815 702 1868 ita
719 1814 912 1883 proferuntur,
931 1819 970 1881 ut,
990 1815 1035 1868 cui
1053 1815 1173 1884 scriptor
1192 1832 1269 1870 acce-

178 1901 241 1967 dat,
266 1917 321 1955 non
345 1907 493 1970 appareat,
518 1901 547 1954 id
572 1903 649 1971 quod
672 1908 704 1956 ut
728 1901 924 1970 compilatoris·
940 1906 1056 1955 naturae
1081 1903 1184 1970 optime
1206 1918 1268 1957 con-

28 1981 39 2032 ?
117 2057 119 2060 .
177 1987 269 2054 venit,
297 1987 336 2040 ita
363 2003 380 2040 a
404 1988 482 2042 Marii
510 1988 621 2043 Maximi
652 1989 853 2044 consuetudine
883 1987 1022 2042 abhorret.
1068 1989 1177 2043 Deinde
1209 1989 1269 2044 aliis

176 2073 244 2128 locis
268 2073 365 2130 harum
390 2075 549 2144 opinionum
572 2076 655 2129 modo
680 2075 749 2130 haec
773 2075 856 2128 modo
880 2075 926 2128 illa
950 2075 1011 2130 sola
1029 2081 1269 2131 commemoratur.

176 2161 209 2214 In
227 2162 275 2216 vit.
295 2161 357 2216 Get.
375 2163 397 2229 I,
416 2163 432 2215 3
451 2163 548 2217 eadem
567 2179 639 2232 quae
657 2162 685 2216 In
694 2162 743 2216 vit.
756 2161 820 2216 Ser.
833 2161 868 2229 X,
881 2161 950 2214 4—-5
963 2162 1099 2216 sententia
1111 2163 1151 2216 ila
1163 2161 1268 2231 profer-

176 2251 236 2316 tur,
254 2249 336 2316 quasi
360 2250 420 2304 sola
444 2265 512 2302 veru
536 2248 574 2302 sit
598 2264 688 2316 neque
714 2249 759 2301 alii
777 2249 857 2301 aliter
876 2247 911 2302 de
930 2263 963 2302 ea
984 2263 1014 2301 re
1033 2249 1177 2303 seuserInt.
1213 2248 1271 2304 Sed

177 2335 279 2390 ibidem
297 2335 411 2402 paululo
430 2333 508 2401 Infra,
527 2339 677 2402 postquam
694 2335 749 2388 iam
767 2334 803 2388 de
820 2334 929 2388 nomine
948 2333 1019 2388 Geta
1038 2334 1176 2390 disserere
1197 2336 1269 2390 ince-

177 2421 227 2488 pit,
246 2421 413 2490 epitomator
431 2421 569 2489 particula
584 2418 698 2488 ,etiam“
719 2419 844 2476 adhibita
862 2421 943 2475 aliam
962 2421 1174 2488 explicationem
1191 2423 1271 2477 addit

178 2505 261 2572 (Geta
279 2508 321 2576 11,
340 2509 382 2575 2),
402 2524 484 2576 quam
502 2509 530 2562 in
548 2507 597 2563 vit.
617 2508 679 2564 Sev.
698 2507 739 2575 X,
758 2509 774 2562 6
792 2507 954 2562 invenimus.
974 2507 1008 2564 cf.
1031 2509 1113 2563 etiam
1132 2509 1181 2563 vit.
1207 2509 1280 2564 Seu:
1336 2534 1337 2537 ¹

177 2595 253 2661 XIX,
272 2596 340 2650 2.-
354 2595 410 2651 Sed
428 2595 482 2649 alia
500 2611 612 2664 quoque
630 2595 751 2664 vestigia
769 2595 879 2662 adsunt,
898 2611 933 2649 ex
952 2595 1052 2664 quibus
1071 2602 1196 2664 apparet,
1215 2611 1270 2650 non

178 2698 262 2736 unum
280 2682 441 2751 simpliciter
460 2688 602 2738 auctorem
620 2688 785 2751 usurpatum
804 2698 874 2736 csse.
892 2683 927 2749 X,
947 2681 1047 2749 Iquae
1067 2681 1101 2736 ab
1118 2682 1271 2750 auguribus

178 2768 361 2824 Pannoniacis
381 2769 485 2824 Severo
503 2785 638 2837 responsa
651 2785 713 2824 esse
723 2768 853 2824 dicuntur
864 2769 1014 2836 „victorem
1030 2767 1161 2837 futurum,
1175 2769 1272 2824 adver·

177 2855 281 2910 sarIum
298 2872 366 2911 vero
384 2871 436 2911 nec
454 2855 483 2910 in
500 2861 669 2924 potestatem
684 2861 831 2912 venmrum
848 2871 938 2924 neque
957 2872 1113 2924 evasurum,
1126 2857 1177 2912 sed
1194 2856 1273 2910 iuxta

178 2956 278 3009 aquam
296 2958 358 2998 esse
376 2941 545 3010 periturum
566 2943 720 3000 consociari
738 2960 793 2998 non
811 2947 929 3012 possunt
948 2959 1010 2998 cum
1028 2944 1068 2998 eis
1088 2959 1159 3018 quae
1182 2943 1238 3010 XI,
1256 2943 1273 2996 6

176 3035 323 3084 narrantur
352 3029 462 3098 ,Albini
489 3045 607 3099 corpore
635 3031 729 3085 adlato
757 3046 846 3100 paene
872 3030 1016 3086 seminecis
1050 3034 1136 3099 caput
1165 3029 1273 3084 abscidi

177 3116 259 3172 iussit
275 3117 449 3186 Romamque
467 3115 595 3184 deferri“,
615 3118 652 3171 ad
671 3133 753 3186 quem
771 3116 865 3171 Albini
884 3117 989 3171 exitum
1007 3116 1076 3172 illud
1099 3117 1193 3184 potius
1212 3131 1272 3170 ora-

179 3204 270 3258 culum
289 3203 491 3259 conformatum
509 3209 560 3271 cst,
579 3203 658 3258 cuius
676 3203 704 3258 in
722 3204 771 3258 vit.
791 3203 869 3258 Olod.
887 3203 951 3258 Alb.
970 3202 1019 3270 IX,
1038 3204 1055 3256 2
1073 3203 1176 3275 Marius
1188 3202 1273 3256 Maxi-

177 3305 239 3344 mus
257 3289 336 3344 testis
355 3296 399 3346 est
418 3295 580 3358 ,uenturum
599 3290 710 3358 quidem
727 3290 756 3344 in
779 3295 949 3359 potestatem
974 3289 1033 3344 eius
1059 3289 1204 3358 Albinum,
1222 3290 1273 3344 sed

179 3393 234 3431 non
252 3377 346 3431 vivum
370 3393 421 3432 nec
445 3374 608 3446 mortuum“.
627 3405 661 3414 -—
680 3378 757 3443 Quae
781 3379 836 3446 XI,
855 3377 922 3432 6-7
942 3377 977 3432 de
993 3375 1088 3430 Albini
1112 3367 1229 3444 corpori}
1257 3391 1274 3428 a

180 3463 284 3520 Severo
317 3462 432 3520 foedato
465 3464 629 3533 traduntur,
659 3481 806 3534 perperam
840 3464 1008 3520 divelluntur
1040 3462 1133 3518 verbis
1169 3462 1275 3530 ,victus

180 3556 224 3607 est
241 3550 360 3607 Albinus
379 3552 424 3607 die
443 3552 484 3606 XI
502 3553 564 3608 Kal.
583 3549 681 3607 Mart“.
700 3552 844 3607 —Etiam
869 3567 940 3620 quae
965 3550 1002 3604 ad
1025 3549 1116 3618 ipsum
1138 3553 1277 3603 certamen

179 3639 320 3707 pertinent
337 3654 421 3707 quam
447 3639 565 3695 maxime
592 3637 707 3694 confina
731 3645 804 3695 sunt.
840 3639 922 3693 Initio
948 3653 972 3692 o.
990 3637 1068 3705 X,§
1093 3635 1276 3690 Iedocemur

180 3726 269 3794 primo
288 3725 385 3782 Severi
409 3725 495 3782 duces
520 3727 610 3782 victos
636 3743 712 3796 esse3
740 3732 862 3782 attamen
885 3726 909 3780 si
933 3724 1009 3795 §82⁸
1028 3721 1111 3778 fidem
1133 3721 1276 3790 habemus,

182 3813 276 3881 „multi
294 3813 389 3869 statIm
407 3813 487 3869 amici
500 3813 595 3870 Albini
613 3814 774 3870 deserentes
787 3829 896 3882 venere,
912 3814 991 3868 multi
1010 3813 1096 3867 duces
1110 3809 1186 3878 capti
1203 3813 1276 3877 sunt,

253 3967 271 4020 1)
284 3971 358 4011 Etiam
371 3972 394 4012 iu
408 3973 456 4012 vlta
469 3969 632 4023 creditenim,
647 3971 685 4011 ubi
698 3971 833 4022 nominatur,
847 3979 891 4009 non
904 3970 1021 4018 prtmarius
1034 3969 1084 4009 icus
1098 3967 1166 4006 fuisse
1180 3965 1277 4016 vldetur,

287 4040 314 4080 cl.
329 4040 367 4081 vlt.
382 4040 442 4082 Olod.
457 4041 501 4082 Aru
521 4042 546 4093 1,
567 4043 591 4092 2,
612 4041 649 4081 ubi
662 4041 727 4080 nnius
747 4039 863 4078 memoriae
884 4042 958 4078 auctor
978 4039 1113 4088 nchnatur,
1134 4047 1183 4077 cum
1204 4039 1277 4075 cetera

287 4111 360 4151 omnia
379 4113 406 4152 ab
429 4123 454 4153 ec
476 4112 613 4153 abhorreant.
634 4110 661 4150 cf.
683 4111 748 4150 edam
775 4119 830 4158 quae
850 4108 968 4148 Muellerus
988 4109 1014 4150 dc
1036 4108 1103 4149 eiusd.
1123 4108 1162 4148 vlt.
1188 4118 1205 4147 c.
1224 4105 1275 4156 VH,
1348 4109 1349 4112 ’

287 4181 389 4234 c-vm,
402 4186 415 4225 4
429 4183 555 4233 disputarit.

253 4250 273 4305 π)
286 4251 338 4294 Her.
353 4253 382 4304 11,
396 4255 429 4304 14,
444 4255 462 4293 1.
475 4252 574 4294 Hoerner
587 4261 608 4302 p.
620 4250 666 4302 115,
679 4235 705 4290 AL
719 4250 751 4289 ar.
