3112 4874
711 401 753 468 31

105 589 107 592 ’
181 591 277 662 fuisse,
296 592 469 662 probabilius
489 601 533 650 est
550 611 632 664 quam
651 595 730 652 Marii
748 597 859 652 Maximi
876 612 963 666 opera
980 597 1027 654 illa
1043 598 1072 654 in
1095 598 1196 654 horrea
1219 601 1276 670 epi·

180 683 328 736 tornatoris
346 683 453 751 perlata
468 683 551 738 esse?
811 743 815 754 ,
1203 751 1207 758 Δ

249 769 420 838 Quamquam
439 776 530 825 autem
549 769 718 828 confidenter
737 771 904 827 contendere
922 787 1073 842 possumus
1086 773 1176 842 prima
1194 779 1272 842 quat·

177 860 243 910 tuor
262 857 354 924 capita
372 862 531 926 excerptum
550 873 614 913 esse
633 858 784 913 secundum
801 857 917 914 Marium
937 857 1083 913 Maximum
1109 857 1271 926 confectum,

177 948 270 998 tamen
295 944 426 999 nonnulla
452 945 551 1012 procul
578 945 663 1001 dubio
692 945 836 1000 eximenda
864 951 891 999 et
909 944 946 998 ad
964 945 1047 1000 alium
1072 944 1175 1002 fontem
1193 962 1274 1001 revo-

179 1031 268 1086 canda
286 1037 359 1086 sunt.

250 1117 344 1186 Atque
362 1117 479 1186 primum
498 1118 609 1189 quidem
627 1120 766 1188 agendum
784 1118 866 1174 nobis
885 1124 928 1174 est
946 1117 981 1174 de
999 1133 1022 1173 c.
1040 1119 1077 1186 11,
1096 1121 1110 1181 ξ
1129 1120 1206 1188 1—2,
1224 1118 1272 1176 ubi

180 1205 313 1273 legimns:
333 1206 491 1272 „Iuventam
509 1207 618 1272 plenam
636 1205 769 1274 furorum,
788 1221 992 1274 nonnumquam
1011 1211 1039 1260 et
1056 1207 1199 1261 eriminum
1226 1206 1273 1261 ha-

180 1290 248 1346 buit.
271 1291 411 1347 Adulterii
430 1307 542 1347 causam
561 1293 632 1348 dixit
649 1293 852 1362 absolutusque
870 1298 913 1348 est
931 1308 948 1348 a
965 1293 1081 1362 Iuliano,
1099 1294 1276 1362 proconsule,

181 1379 225 1434 cni
244 1385 271 1434 et
288 1379 317 1433 in
334 1380 534 1448 proconsulatu
552 1381 689 1436 successit
706 1386 734 1436 et
751 1381 779 1434 in
807 1380 952 1435 consulatu
980 1380 1088 1448 collega
1115 1379 1167 1436 lirit
1194 1385 1221 1435 et
1247 1380 1275 1434 in

180 1466 296 1534 imperio
315 1467 380 1522 item
399 1463 561 1522 successit“.
598 1467 675 1532 Quae
701 1464 774 1521 falsa
802 1465 985 1520 existimanda
1012 1481 1075 1521 esse
1101 1466 1171 1521 inter
1197 1466 1275 1520 viros

180 1553 280 1608 doctos
299 1553 457 1619 convene).
494 1552 614 1608 Causam
633 1553 704 1608 enim
722 1553 796 1606 illam
818 1553 937 1608 Severus
955 1553 983 1606 in
1002 1551 1107 1620 Africa,
1128 1541 1275 1608 1111111111-

180 1656 231 1694 nus
249 1640 402 1707 proconsul
428 1638 496 1708 fuit,
515 1640 615 1695 dixerit
641 1633 756 1696 necesse
783 1645 832 1694 est.
868 1639 927 1693 lam
954 1645 1046 1695 autem
1067 1645 1164 1694 auctor
1191 1638 1273 1694 huius

179 1725 404 1780 narratiunculae
421 1724 484 1781 falsi
503 1726 691 1795 convincitur,
710 1742 772 1781 cum
791 1743 824 1782 co
843 1733 975 1794 tempore,
994 1743 1050 1795 quo
1069 1725 1188 1782 Severus
1207 1727 1273 1780 adu-

177 1813 283 1867 lescens
302 1811 330 1866 in
347 1811 443 1866 Africa
461 1819 588 1868 versatus
608 1819 666 1880 est,
684 1814 807 1868 Iulianus
834 1813 955 1868 nondum
980 1813 1016 1867 ad
1042 1812 1270 1881 proconsulatum

179 1903 324 1966 promotus
343 1899 395 1967 sit,
413 1905 471 1954 tum
491 1905 581 1954 autem
600 1915 662 1954 cum
680 1899 734 1954 hoc
752 1899 917 1968 magistratu
935 1898 1045 1955 iunctus
1064 1905 1120 1967 est,
1150 1898 1269 1954 Severus

176 1985 338 2040 iamdudum
355 1985 480 2040 Africam
498 1987 646 2056 reliquerit
682 1988 800 2042 Romam
827 1987 898 2042 enim
926 1987 1045 2042 Severus
1072 2003 1128 2042 non
1154 1991 1220 2054 post
1247 2001 1272 2040 a.

177 2072 237 2139 172,
256 2088 312 2141 quo
332 2078 508 2141 quaestinem
526 2089 588 2128 eum
606 2075 701 2142 egisse
718 2074 866 2130 verisimile
884 2080 935 2141 est,
953 2089 985 2130 se
1006 2074 1130 2141 eontulit,
1148 2071 1273 2128 Iulianus

179 2165 269 2213 autem
283 2159 329 2228 qui
348 2176 372 2214 a.
386 2159 437 2214 115
454 2160 573 2228 demum,
591 2167 624 2216 ut
634 2161 721 2229 vulgo
737 2167 859 2229 putatur,
873 2161 970 2216 consul
982 2160 1034 2216 fuit
1045 2160 1273 2230 proconsulatum

177 2244 298 2314 Africae,
315 2253 347 2301 ut
364 2262 398 2302 ex
415 2246 619 2315 inscriptionei)
635 2249 732 2315 elucet,
744 2249 869 2302 ultimum
887 2248 1028 2316 publicum
1046 2264 1146 2303 munus
1159 2247 1274 2301 admini-

176 2333 284 2387 stravit.
307 2333 378 2397 Quin
396 2335 478 2388 etiam
497 2334 654 2388 accuratius
673 2333 741 2388 illud
758 2339 868 2402 tempus
886 2331 994 2389 definiri
1012 2339 1107 2402 potest
1124 2349 1140 2389 e
1157 2331 1268 2388 duobus

176 2419 793 2488 101111οω100)111111111111111111111
820 2421 879 2475 vita
896 2419 1049 2475 Pertinacis
1074 2420 1123 2488 IV,
1151 2422 1175 2486 1,
1203 2420 1272 2475 alter

176 2501 204 2556 in
223 2504 376 2559 vitaDidii
394 2506 492 2561 iuliani
511 2507 547 2575 ll,
567 2508 592 2562 3.
611 2508 652 2562 Ex
670 2507 724 2562 hoc
742 2507 814 2563 enim
833 2507 967 2562 discimus
984 2506 1120 2562 lulianum
1135 2507 1273 2562 Pertinaci

177 2588 205 2642 in
222 2585 421 2658 proconsulatu
440 2595 617 2662 successisse,
636 2610 670 2650 ex
688 2595 734 2649 illo
753 2594 925 2651 Pertinacem
944 2598 992 2648 aut
1009 2609 1081 2647 anno
1095 2593 1146 2647 190
1163 2609 1191 2661 p.
1205 2593 1269 2648 Chr.

178 2681 226 2730 aut
243 2682 318 2732 certe
336 2695 392 2734 non
409 2680 494 2734 multo
514 2685 577 2736 ante
594 2681 791 2750 proconsulem
809 2679 896 2736 fuisse
931 2680 1005 2736 unde
1030 2677 1161 2747 efficitur,
1179 2681 1272 2736 111111-

177 2762 266 2818 lianus
286 2771 334 2821 aut
351 2782 376 2820 a.
395 2767 445 2819 191
464 2773 512 2822 aut
529 2785 553 2822 a.
575 2769 626 2822 190
644 2773 672 2824 et
689 2769 751 2836 ipse
769 2768 967 2836 proconsulatu
985 2765 1095 2822 functus
1115 2767 1159 2822 sit.
1191 2766 1273 2832 Quod

178 2865 245 2904 vero
265 2850 384 2907 Severus
403 2852 509 2910 Iuliano
537 2855 565 2908 in
593 2855 793 2924 proconsulatu
821 2855 990 2910 successisse
1016 2859 1044 2910 ot
1069 2855 1097 2909 in
1125 2854 1274 2909 consulatu

181 2936 291 3004 collega
302 2935 388 2994 fuisse
401 2939 509 3008 dicitur,
522 2946 647 2996 neutrum
660 2958 756 2997 verum
768 2947 824 3009 est3
842 2956 932 3010 neque
949 2941 1021 2996 enim
1034 2941 1153 2996 Severus
1166 2941 1274 2996 Iuliano

180 3023 337 3091 quindecim
356 3020 433 3081 annis
451 3027 549 3082 maiori
567 3029 718 3084 succedere
736 3029 829 3096 potuit
845 3044 935 3097 neque
953 3028 1034 3083 simul
1052 3043 1114 3082 cum
1127 3043 1161 3082 eo
1175 3042 1274 3082 consu-

178 3108 263 3164 latum
292 3113 397 3181 gessit,
416 3129 478 3169 cum
496 3115 597 3171 Didius
615 3116 739 3171 Iulianus
767 3131 829 3170 cum
847 3115 992 3170 Pertinace
1017 3114 1072 3168 iam
1098 3113 1151 3169 snb
1177 3115 1272 3170 Marco

176 3195 291 3252 Aurelio
317 3199 386 3254 illud
411 3218 511 3258 munus
538 3190 702 3270 meruerint,
720 3201 853 3258 Severum
881 3208 973 3258 autem
991 3201 1162 3258 Commodus
1192 3201 1273 3257 simul

177 3297 239 3338 curn
257 3283 358 3340 Rufino
378 3293 405 3341 et
423 3287 484 3343 aliis
500 3287 600 3357 viginti
622 3289 712 3345 tribus
732 3289 768 3344 ad
786 3303 848 3344 eum
866 3287 1000 3343 honorem
1017 3287 1208 3356 provexerit).

248 3371 359 3437 Quodsi·
373 3373 495 3429 dubitari
522 3377 632 3446 nequit,
652 3376 717 3444 quin
744 3375 792 3430 illa
817 3376 910 3430 omnia
936 3374 1001 3430 ficta
1028 3375 1084 3430 sint
1109 3381 1137 3430 et
1161 3375 1273 3444 quidem

176 3457 296 3526 maligne
315 3475 332 3514 a
348 3461 474 3516 mordaci
492 3461 588 3518 Severi
607 3463 810 3530 obtrectatore,
829 3463 877 3532 qui
903 3477 956 3530 pus
981 3468 1065 3532 atque
1082 3477 1217 3518 venenum
1244 3463 1273 3517 in

177 3559 240 3599 eum
258 3551 367 3614 emeret,
387 3547 513 3617 conficta,
531 3550 586 3605 iam
606 3550 755 3619 quaeritur,
774 3550 819 3605 cui
836 3549 884 3604 illa
895 3548 1050 3618 opprobrio
1062 3549 1197 3630 vertenda
1208 3549 1271 3604 sint.

252 3703 270 3758 1)
285 3707 403 3748 Ruebellus
417 3719 437 3757 p.
452 3708 488 3757 543
502 3707 626 3747 Hoefnerus
641 3719 661 3759 p.
676 3704 739 3758 soler
754 3709 776 3746 et
789 3709 815 3748 68
828 3717 846 3747 e.
861 3717 893 3757 sq.
907 3705 1008 3746 Klelnlus
1022 3695 1043 3756 p.
1058 3707 1101 3747 118.

251 3774 270 3826 2)
284 3776 311 3816 cf.
331 3777 447 3817 bullettino
466 3774 515 3817 dell'
529 3777 628 3816 instituto
649 3777 670 3816 dl
692 3777 782 3827 corrisp.
803 3777 895 3818 archeol.
910 3785 950 3827 per
971 3775 1043 3817 l'anno
1058 3777 1119 3828 1809,
1134 3786 1155 3826 p.
1169 3775 1221 3825 133,
1235 3775 1271 3815 ad·

279 3846 359 3896 scripta
372 3850 406 3887 est
419 3847 485 3886 etlam
499 3846 526 3886 ab
539 3846 650 3886 Hoernero
664 3857 685 3896 p.
702 3847 735 3898 50,
751 3857 765 3886 a
780 3847 811 3886 64.

250 3913 268 3966 θ)
282 3917 309 3956 cf.
323 3917 407 3956 Ruebel
420 3918 447 3957 43
460 3928 491 3967 sq.
506 3919 529 3956 et
541 3918 567 3956 49
580 3927 612 3966 sq.

249 3982 271 4036 4)
284 3986 311 4026 cl.
325 3986 364 4026 vit.
378 3987 427 4028 sev.
442 3987 480 4040 IV,
493 3988 507 4026 4
520 3985 660 4026 Consulatum
673 3996 723 4025 cum
736 3984 831 4036 Apuleio
845 3983 923 4024 Rufino
937 3985 1031 4034 primum
1046 3983 1103 4036 egit,
1118 3981 1230 4022 Commodi
1249 3993 1271 4022 se

280 4057 338 4096 inter
351 4057 454 4106 plurimos
468 4056 603 4106 designante,
613 4058 635 4094 et
648 4053 705 4095 Cass.
716 4056 765 4096 Dio.
775 4056 789 4096 l.
803 4055 896 4105 LXXII,
906 4057 938 4106 12,
952 4057 965 4094 4
979 4051 1146 4122 (Isauricae)
1157 4049 1272 4110 ὖπᾰτους

281 4126 305 4183 ἒς
325 4125 367 4176 ἳνα
386 4125 505 4178 ἐνιαυτὸν
523 4131 601 4177 πέντε
620 4129 661 4175 καὶ
679 4131 777 4177 εἴκοσιν
795 4123 1061 4184 α’π·ἐδει’ξεν·,...κα“ι
1080 4123 1106 4174 ἓν
1125 4120 1212 4178 adscit
1231 4125 1273 4172 καὶ

280 4197 425 4304 ἔοεουῆὲοςν
425 4194 443 4304 15
459 4196 527 4304 S,cord
543 4199 626 4246 ταῦτα
644 4192 802 4264 αὖταρχὴσας
814 4194 967 4246 ὕπᾶτευσεν.
985 4193 1011 4232 θῑ·
1026 4191 1092 4231 ‘iiim
1105 4190 1216 4242 Lssmlss'lda
1231 4191 1268 4230 vn.

312 4273 390 4304 mmo.
437 4290 443 4315 ,
473 4293 477 4302 .
