3112 4874
539 1125 563 1211 Ι.
592 1125 632 1210 lc
659 1124 728 1210 rita
753 1121 917 1211 lladriani.

653 1341 807 1350 ...μ-,-

257 1438 296 1523 lie
314 1460 436 1518 fontibus
458 1461 532 1517 vitae
550 1462 683 1518 Hadriani
706 1460 881 1531 imperatoris
903 1459 938 1516 ab
956 1459 1037 1514 Aelio
1056 1460 1203 1528 spartiano
1226 1467 1280 1516 tra-

187 1549 262 1604 ditae
280 1550 428 1604 Muellerus
446 1550 522 1619 apud
537 1549 744 1618 Buedingerum
752 1548 772 1616 ¹)
797 1547 909 1617 copiose
935 1547 960 1602 is
979 1547 1097 1616 quidem,
1115 1548 1167 1603 sed
1184 1563 1282 1617 parum

186 1636 307 1690 dilucide
325 1641 408 1704 atque
424 1635 554 1690 distincte
572 1636 639 1704 egit.
657 1633 839 1702 huebertus),
858 1634 905 1703 qui
918 1633 978 1688 aliis
991 1633 1019 1688 in
1031 1634 1094 1688 vitis
1108 1633 1280 1689 dissertatio-

186 1739 248 1776 nem
272 1723 395 1777 Muellcri
420 1723 492 1777 laeto
518 1738 579 1777 cum
603 1721 696 1777 fructu
720 1721 882 1777 retractavit
906 1721 1061 1790 multosque
1086 1720 1145 1776 eius
1173 1736 1281 1776 errores

187 1808 275 1876 diluit,
293 1808 363 1863 hanc
379 1807 512 1863 Hadriani
530 1808 614 1862 vitam
633 1807 726 1862 nescio
740 1824 822 1877 quam
834 1806 870 1863 ob
884 1823 994 1864 causam
1007 1807 1115 1863 silentio
1127 1807 1280 1878 praeteriit.

189 1893 281 1959 Quare
298 1911 352 1949 non
371 1899 421 1961 est,
441 1910 489 1949 cur
507 1894 644 1962 miremur,
662 1895 707 1948 hic
725 1894 898 1963 potissimum
915 1894 1053 1963 permulta
1070 1899 1191 1961 restare,
1210 1909 1282 1962 quae

190 1982 390 2036 accuratiorem
401 1981 594 2036 tractationem
606 1997 689 2050 quam
701 1981 818 2035 maxime
831 1980 998 2048 desiderent,
1014 1981 1094 2048 plura
1106 1980 1197 2048 etiam,
1210 1995 1282 2049 quae

188 2083 223 2122 ue
241 2073 377 2137 temptata
395 2068 507 2137 quidem
524 2068 552 2122 in
569 2067 689 2124 obscuro
714 2067 832 2123 iaceant.
861 2066 931 2122 Nam
949 2083 1021 2136 quae
1039 2064 1283 2132 Dreinhoeierus⁸)

189 2155 305 2224 protulit
332 2155 369 2208 ad
396 2155 622 2224 compositionem
649 2154 730 2210 huius
757 2153 832 2210 vitae
856 2154 953 2210 mehus
976 2153 1198 2223 perspiciendam
1221 2153 1285 2208 usui

191 2258 244 2296 non
262 2246 335 2296 aunt.

259 2328 297 2383 Ut
314 2326 436 2383 breviter
455 2328 559 2395 dicam,
579 2343 650 2397 quae
668 2325 752 2382 fuerit
769 2327 878 2381 illorum
896 2326 1046 2394 sententia,
1071 2326 1218 2382 Muellerus
1237 2341 1283 2381 ex-

189 2417 327 2485 ploratum
338 2399 469 2481 censuit,
490 2414 561 2468 hanc
578 2414 663 2468 vitam
682 2429 835 2482 permagna
853 2428 887 2466 ex
905 2417 986 2482 parte
1004 2411 1095 2467 redire
1114 2412 1150 2466 ad
1167 2411 1284 2468 hiarium

190 2501 352 2568 Maximum3
370 2517 452 2569 quam
470 2500 634 2556 senteutiam
652 2497 868 2555 Dreinhoeferus
886 2499 927 2554 ita
945 2499 1101 2570 ampliavit,
1125 2503 1157 2554 ut
1175 2498 1284 2555 duobus

191 2588 316 2657 exceptis
329 2587 396 2642 locis
408 2586 457 2655 IV,
476 2589 563 2642 8—10
575 2593 603 2642 et
614 2587 691 2656 XIV,
704 2585 748 2654 6⁴)
767 2586 858 2642 omnia
870 2586 906 2640 ad
919 2585 994 2640 illum
1006 2591 1147 2640 auctorem
1159 2582 1284 2640 referret.

193 2673 317 2738 Quonam
341 2674 399 2728 iure
424 2674 476 2729 viri
495 2674 570 2730 docti
593 2675 633 2730 ita
650 2673 812 2741 statuerint,
836 2673 1002 2741 simulatque
1026 2673 1053 2726 in
1077 2671 1200 2742 singulas
1225 2670 1284 2727 eius

190 2760 264 2815 vitae
283 2765 377 2829 partes
396 2760 556 2829 diligentius
574 2760 804 2829 inquisiverimus,
821 2757 968 2814 manifesto
986 2757 1140 2828 apparebit.

259 2847 358 2916 ltaque
376 2847 435 2902 sine
453 2863 530 2902 mora
551 2847 748 2916 adgrediamur
772 2846 808 2900 ad
831 2846 948 2915 primam
970 2845 1052 2901 huius
1069 2844 1145 2900 vitae
1168 2849 1284 2914 partem,

190 2934 268 2988 cuius
286 2931 367 2988 finem
386 2933 414 2988 in
432 2949 454 2988 c.
474 2934 515 2988 IV
531 2939 633 2990 statuo.
659 2934 736 3000 Quae
754 2939 886 3003 quattuor
910 2933 1003 3004 capita
1020 2933 1045 2988 si
1062 2937 1169 2987 attento
1193 2932 1284 2987 animo

189 3021 326 3089 perleges,
345 3020 437 3075 statim
455 3021 530 3075 illam
548 3021 758 3090 dispositionem
774 3021 803 3075 in
821 3019 920 3076 ceteris
940 3035 1050 3089 quoque
1068 3019 1134 3074 vitis
1150 3035 1183 3074 ex
1196 3019 1283 3073 Mario
1351 3029 1353 3032 ’

189 3107 307 3162 Maximo
325 3107 432 3162 haustis
452 3107 629 3177 conspicuam
647 3124 797 3178 agnosces:
825 3107 853 3174 1)
872 3106 907 3162 de
925 3106 1032 3175 origine
1056 3111 1085 3160 et
1108 3105 1210 3160 famiha
1227 3106 1282 3160 Ha·

189 3193 278 3248 driani
295 3194 317 3261 1,
336 3193 419 3260 1-23
437 3193 464 3259 2)
483 3193 518 3249 de
535 3194 655 3262 pueritia
673 3199 758 3262 atque
777 3194 942 3248 educatione
954 3193 976 3259 I,
994 3191 1078 3261 3-5;
1096 3193 1123 3258 3)
1142 3193 1178 3248 de
1189 3208 1282 3248 mune·

188 3279 264 3334 ribus
283 3278 401 3347 publicis
420 3283 448 3332 ct
465 3278 549 3334 rebus
573 3285 637 3335 aute
660 3280 805 3349 imperium
823 3280 912 3348 gestis
929 3279 972 3348 II,
991 3279 1091 3348 l-IV,
1115 3279 1131 3333 7
1150 3279 1282 3335 certiores

188 3363 277 3420 fimus.
300 3365 388 3419 Porro
406 3364 443 3432 II,
465 3363 527 3431 10⁵)
546 3365 708 3434 Spartianus
727 3366 772 3420 vel
791 3366 902 3422 disertis
921 3365 1014 3422 verbis
1032 3366 1069 3420 ad
1087 3365 1281 3420 auctoritatem
1307 3433 1310 3440 Ἰ

188 3451 267 3505 Marii
285 3451 396 3505 Maximi
414 3449 554 3520 confugit,
573 3468 628 3521 qua
646 3452 674 3507 in
692 3468 722 3506 rc
740 3453 945 3522 neglegendum
962 3470 1017 3508 uon
1035 3458 1092 3520 est,
1110 3452 1236 3506 Plotinae
1254 3452 1281 3507 in

186 3537 357 3593 Hadrianum
373 3536 506 3607 favorem,
525 3555 580 3608 quo
598 3555 661 3594 eum
678 3545 835 3610 promotum
853 3556 915 3596 esse
933 3545 1079 3610 praestans
1097 3539 1143 3594 ilie
1160 3539 1281 3608 scriptor

134 3632 137 3638 ‘
185 3624 247 3681 loco
266 3625 350 3680 allato
367 3629 500 3693 testatur,
518 3625 602 3682 ctiam
619 3627 669 3695 IV,
687 3628 702 3680 1
722 3632 750 3682 et
767 3627 816 3695 IV,
834 3627 879 3694 4¹)
897 3627 1000 3696 urgeri.
1037 3625 1142 3692 Quibus
1166 3625 1279 3680 tertium

262 3780 280 3833 ¹)
293 3782 491 3831 Untersuchungen
504 3792 544 3822 zur
557 3782 679 3824 rbmiachcu
693 3784 895 3834 Kalacrgeachichtc
910 3785 1019 3835 1868-70,
1034 3783 1070 3822 ΠΙ
1083 3794 1104 3832 p.
1117 3782 1202 3823 abaci.

260 3851 279 3902 2)
293 3852 328 3891 De
341 3851 438 3891 fontibus
451 3851 483 3892 1v
497 3851 593 3900 priorum
606 3853 709 3892 historiae
722 3852 834 3902 Augmtae
848 3853 977 3902 scriptorum
991 3852 1040 3903 diss
1054 3852 1144 3892 Bcnuas
1159 3852 1217 3892 18‘12.

260 3919 279 3972 ⁸)
293 3921 328 3960 De
341 3921 439 3962 fontibus
452 3925 475 3961 et
488 3923 611 3962 auctoribus
624 3923 731 3973 vitarum,
745 3933 800 3972 qima
813 3923 914 3962 feruutur
931 3921 1052 3973 spartium,
1066 3919 1195 3972 Capitolini,
1212 3921 1279 3963 Galli·

291 3993 347 4041 caui,
360 3991 480 4039 Lampridii
495 3990 545 4031 diae.
558 3991 621 4032 Halia
634 3991 745 4032 Saxonum
761 3992 817 4033 1875.

259 4058 279 4108 ⁴)
291 4058 388 4099 Adhibui
401 4059 519 4100 editionem
534 4061 624 4113 Pelori,
636 4061 725 4110 Lipsiae
740 4061 790 4101 1865
804 4061 899 4110 indeque
912 4071 1013 4100 numeros
1026 4060 1138 4110 exscripsi.

259 4129 278 4181 ⁶)
293 4129 323 4181 ΙΙ,
338 4131 363 4169 10
377 4129 470 4178 denique
484 4159 489 4170 .
504 4160 509 4170 .
525 4160 529 4170 .
550 4129 578 4170 ad
592 4132 710 4172 amicitiam
723 4131 813 4171 ‘Ihaiani
831 4131 951 4181 pleniorem
970 4129 1028 4169 redit
1046 4133 1111 4178 nepte
1129 4140 1168 4180 par
1183 4139 1279 4171 acrorem

291 4198 381 4239 'I'raiani
401 4209 468 4240 uxore
487 4203 575 4248 accepia
589 4199 678 4241 favente
691 4201 793 4251 Plotina,
806 4200 900 4242 Traiano
913 4199 992 4240 leviter
997 4228 1004 4251 ,
1018 4201 1042 4238 nt
1060 4197 1172 4240 Marius
1190 4199 1278 4240 Maxi·

292 4277 357 4307 mus
371 4267 430 4318 dicit,
444 4269 537 4310 volente.

1103 4341 1118 4392 1
