3112 4874
814 415 835 481 6

779 508 881 516 ——-.

276 608 313 663 ad
331 612 346 671 ἓ
364 610 388 663 8.
406 608 523 678 Propria
540 610 622 666 huius
639 608 723 666 fontis
741 609 811 666 haec
829 616 900 666 sunt.
919 610 1040 667 Primum
1055 611 1182 666 attendas
1195 611 1367 668 immutatum

217 751 219 754 .
275 712 364 763 genus
383 695 508 761 dicendi3
531 697 622 751 omnia
640 697 711 751 enim
728 695 851 752 breviter
869 713 902 751 ac
920 712 1017 767 presse
1034 704 1181 752 narrantur
1200 703 1228 753 et
1251 699 1291 753 ita
1309 697 1367 767 qui·

277 782 348 849 dem,
366 782 443 838 utin
461 799 494 838 ea
511 783 573 852 ipsa
591 798 621 837 re
640 783 783 838 consilium
801 783 923 838 auctoris
941 798 1133 851 agnoscamus.
1152 784 1229 849 Quae
1244 785 1368 840 brevitas

276 867 378 936 partim
405 867 523 924 eflicitur
549 869 695 924 sententiis
719 869 788 937 ipsis
814 869 1014 937 simplicissime
1041 869 1232 938 conformatis,
1259 871 1368 939 partim,

275 954 426 1023 praecipue
449 955 478 1009 in
501 958 516 1018 t
540 957 570 1023 8,
588 956 742 1025 participiis
766 955 863 1010 mirum
881 957 907 1010 in
932 956 1043 1011 modum
1065 958 1218 1013 cumulatis.
1254 959 1369 1014 Praeter

276 1040 347 1096 hanc
373 1040 550 1097 artificiosam
576 1043 740 1098 narrationis
766 1043 931 1098 brevitatem
958 1043 1083 1099 variandi
1110 1059 1221 1112 qnoque
1247 1044 1369 1100 studium

276 1123 375 1193 fugere
398 1134 427 1183 te
450 1145 504 1183 non
523 1133 630 1198 potest3
654 1129 858 1184 animadvertas
877 1130 948 1184 enim
967 1129 1075 1198 copiam
1093 1130 1275 1186 locutionum:
1299 1131 1334 1199 V,
1352 1133 1369 1186 2

276 1215 485 1271 lacessebant...
504 1217 599 1270 bellam
616 1216 811 1283 inferebant...
829 1218 915 1271 teneri
937 1232 993 1270 aaa
1006 1221 1175 1285 poterant...
1193 1217 1370 1272 seditionibus

277 1302 465 1369 carpebatur...
492 1303 598 1357 rebelles
625 1303 730 1356 animoa
757 1302 908 1370 efferebant.
945 1302 1078 1378 Videmus
1104 1303 1190 1372 igitur
1214 1304 1370 1372 dictionem,

278 1388 404 1456 quamvis
422 1404 550 1457 magnam
569 1389 680 1444 affectet
697 1389 894 1444 sententiarum
912 1388 1121 1458 simplieitatem,
1139 1396 1231 1446 tamen
1250 1391 1369 1446 maximo

278 1491 363 1544 opere
381 1490 442 1530 esse
460 1475 609 1544 expolitam
626 1481 709 1544 atque
728 1475 889 1544 quaesitam.
923 1475 1004 1541 Quod
1022 1492 1110 1545 genus
1128 1477 1237 1533 dicendi
1255 1483 1287 1532 ut
1305 1494 1368 1533 auc·

278 1569 366 1618 torem
384 1561 524 1617 rhetorum
542 1562 570 1617 in
588 1562 660 1618 ludis
678 1563 746 1617 satis
765 1569 905 1618 versatum
924 1563 1108 1632 demonstrat,
1125 1565 1166 1618 ita
1189 1580 1303 1633 prorsus
1322 1564 1369 1620 ab·

276 1649 370 1705 horret
387 1664 404 1703 a
422 1648 620 1704 consuetudine
639 1649 767 1704 Mariana.
848 1637 851 1646 ¹

346 1736 402 1791 Sed
427 1735 509 1790 etiam
533 1736 690 1791 accuratius
714 1741 813 1790 natura
837 1735 917 1791 huius
936 1736 1019 1792 fontis
1037 1737 1156 1793 describi
1175 1742 1276 1807 potest.
1312 1738 1369 1794 Res

276 1824 347 1878 enim
365 1837 473 1890 semper
488 1823 515 1876 in
533 1820 656 1876 favorem
674 1822 807 1877 Hadriani
825 1828 984 1878 vertuntur:
1003 1824 1161 1880 consideres
1179 1826 1370 1881 tantummodo

276 1911 366 1979 prima
383 1908 463 1964 huius
482 1909 569 1977 partis
588 1907 673 1964 verba
693 1910 827 1978 „adeptus
851 1909 1001 1982 imperium,
1018 1910 1054 1964 ad
1078 1911 1199 1979 priscum
1222 1927 1253 1966 se
1276 1908 1370 1966 statim

275 2011 378 2050 morem
395 1993 534 2052 instituit“¹
548 1995 592 2063 (V,
612 1997 647 2064 1),
664 1995 723 2051 scil.
742 2011 758 2049 a
777 2011 831 2064 quo
849 1997 957 2064 priores
975 1997 1113 2066 principes
1131 2013 1182 2052 nec
1200 2013 1254 2052 non
1273 1997 1366 2053 Traia·

276 2099 327 2138 nus
346 2098 447 2150 magno
465 2083 504 2137 rei
522 2080 650 2150 publicae
668 2083 768 2137 damno
792 2082 965 2150 defecerunt,
986 2089 1030 2151 ,et
1053 2085 1187 2139 tenendae
1205 2099 1255 2152 per
1273 2082 1368 2138 orbem

275 2175 411 2222 terrarum
429 2169 491 2237 paci
510 2183 623 2236 operam
641 2167 783 2236 intendit“,
802 2185 874 2236 quae
891 2169 989 2224 iterum
1008 2185 1062 2224 non
1080 2170 1138 2225 sine
1155 2168 1367 2238 reprehensione

275 2254 387 2309 Traiani
406 2255 491 2320 ‚ducis
518 2254 717 2310 bellicosissimi
744 2255 819 2309 dieta
845 2261 917 2311 sunt.
954 2255 1034 2320 Quod
1052 2256 1209 2310 Hadrianus
1227 2271 1277 2323 ea,
1296 2267 1368 2324 quse

276 2341 411 2396 Traianus
429 2357 534 2396 summo
554 2357 616 2396 cum
633 2341 728 2396 labore
747 2341 932 2410 comparavit,
950 2357 984 2396 ne
1009 2347 1125 2396 conatus
1143 2343 1253 2410 quidem
1277 2338 1367 2395 defen·

276 2427 342 2482 dere
365 2427 491 2484 barbaris
516 2428 665 2495 concessit,
690 2428 786 2483 leviter
810 2429 936 2497 exemplo
960 2427 1073 2484 Catonis
1100 2433 1255 2484 excusatur.
1292 2425 1369 2492 Quae

276 2529 343 2570 vero
362 2515 395 2580 V,
419 2515 436 2568 5
460 2531 501 2582 sq.
520 2514 556 2570 de
580 2514 722 2568 elementia
746 2514 879 2583 principis
897 2521 981 2583 atque
999 2515 1186 2570 moderatione
1207 2513 1367 2583 praedican-

275 2607 329 2670 tur,
348 2601 415 2656 satis
428 2601 566 2656 declinant
584 2617 601 2654 a
617 2600 757 2668 plerisque
770 2600 937 2668 auctoribus,
949 2602 1100 2670 praecipue
1112 2617 1129 2655 a
1140 2599 1227 2655 Mario
1239 2599 1367 2666 Maximo,

276 2688 323 2756 qui
340 2687 403 2754 XX,
422 2689 438 2741 3
457 2703 518 2742 eum
535 2693 635 2741 natura
653 2687 792 2741 crudelem
809 2684 895 2742 fuisse
912 2693 1039 2743 testatur.
1075 2687 1214 2757 Denique,
1241 2688 1366 2743 nimirum

276 2779 307 2828 ut
325 2773 502 2828 offensionem
521 2773 645 2841 quamvis
664 2774 762 2842 evitet,
789 2772 834 2828 hic
852 2772 945 2829 fautor
968 2777 1126 2844 praeclarus
1147 2776 1281 2831 Hadriani
1305 2778 1367 2834 sim·

274 2860 383 2928 pliciter
401 2859 497 2914 scribit
511 2859 641 2926 ,Lusium
654 2859 782 2925 Quietum
800 2859 984 2929 exarmavit“;
1001 2877 1068 2918 sane
1079 2878 1194 2931 prorsus
1207 2864 1368 2931 exarmavit,

276 2963 338 3002 cnm
356 2962 431 3013 eum,
450 2952 482 3000 ut
500 2947 569 3013 VH,
588 2944 657 3001 1-e
673 2947 799 3014 legimus,
820 2948 937 3003 necavit.

345 3035 453 3088 Auctor
470 3034 564 3102 igitur,
583 3049 664 3102 quem
682 3033 844 3102 Spartianus
863 3033 908 3088 hic
926 3035 1082 3104 exscripsit,-
1094 3051 1148 3090 non
1165 3036 1249 3090 modo
1267 3037 1369 3106 rhetor,

276 3121 326 3176 sed
345 3121 427 3176 etiam
445 3121 578 3176 Hadriani
596 3120 725 3174 laudator
743 3119 795 3175 fuit
818 3136 907 3190 neque
930 3127 987 3176 tarn
1005 3137 1099 3176 veram
1125 3122 1268 3177 historiam
1287 3140 1368 3193 quam

277 3207 428 3262 encomium
447 3223 611 3276 componere
629 3207 744 3262 studuit.
782 3207 867 3272 Quem
892 3223 954 3262 cum
977 3223 1028 3276 per
1051 3223 1082 3263 se
1099 3208 1243 3277 probabile
1260 3209 1297 3264 sit
1314 3210 1368 3263 Ha-

276 3293 364 3348 driani
382 3299 473 3350 aetate
490 3293 629 3362 floruisse,
649 3295 776 3363 qnoniam
794 3311 848 3349 non
866 3294 918 3350 nisi
942 3295 1109 3364 imperatore
1125 3295 1191 3350 vivo
1209 3295 1257 3350 tali
1275 3296 1368 3351 studio

276 3397 327 3436 sua
344 3381 467 3450 praemia
484 3386 576 3448 erant,
595 3381 704 3450 signum
723 3381 925 3450 apertissimum
943 3382 1064 3450 accedit,
1084 3383 1159 3450 quod
1177 3381 1211 3450 V,
1229 3384 1247 3436 3
1265 3382 1369 3438 dictum

276 3468 311 3525 ab
330 3469 471 3524 Hadriano
490 3469 600 3537 saepius
619 3469 751 3524 usitatum
770 3467 829 3536 („ut
847 3467 1000 3536 dicebat“),
1019 3485 1074 3538 quo
1093 3469 1245 3524 cessionem
1262 3469 1369 3524 illarum

277 3555 390 3610 orientis
407 3554 612 3624 provinciarum
631 3555 706 3623 apud
725 3554 828 3610 amicos
846 3555 1011 3624 sodalesque
1030 3571 1164 3612 excusare
1181 3554 1297 3624 solebat,
1315 3571 1369 3612 tne-

275 3643 378 3697 moriae
396 3641 518 3697 tradidit.
537 3641 623 3696 Multo
642 3642 724 3696 etiam
743 3642 857 3711 gravius
875 3649 926 3710 est,
939 3642 1014 3711 quod
1032 3642 1151 3711 vestigia
1163 3641 1238 3696 hand
1253 3641 1367 3697 abscon-

275 3728 335 3785 dita
353 3729 467 3796 adsunt,
485 3745 511 3784 e
529 3727 628 3798 quibus
646 3733 725 3797 patet
742 3728 814 3782 hane
831 3729 917 3784 vitem
936 3728 971 3784 ab
989 3728 1035 3784 illo
1053 3729 1185 3784 historico
1203 3728 1313 3797 penitus
1332 3730 1369 3784 ad

276 3815 418 3871 consilium
436 3820 464 3870 et
481 3817 652 3871 voluntatem
669 3815 802 3886 principis
821 3816 1006 3884 conscriptam
1023 3831 1092 3872 esse.
1119 3816 1177 3870 Iam
1196 3833 1250 3870 uon
1269 3815 1305 3870 ad
1323 3815 1370 3871 illa

186 3933 187 3936 =
274 3902 401 3970 respicio,
420 3918 491 3971 quae
508 3918 594 3970 supra
611 3902 639 3958 in
657 3901 780 3958 favorem
797 3903 930 3958 Hadriani
949 3918 1082 3957 conversa
1100 3917 1162 3958 esse
1182 3901 1300 3969 ostendi,
1318 3903 1368 3958 sed

274 3989 302 4042 in
320 3988 381 4057 ipso
399 3988 446 4042 illo
459 3988 571 4043 Catonis
582 3989 723 4057 exemplo,
736 4005 792 4058 quo
809 3987 878 4044 satis
896 3990 978 4057 longe
996 3989 1114 4059 repetito
1127 3988 1285 4044 Hadrianus
1301 4003 1369 4044 usus

275 4091 336 4130 esse
359 4080 487 4129 narratur
511 4073 561 4143 (V,
588 4076 616 4141 3>
640 4091 768 4130 necnon
791 4075 820 4130 in
843 4069 938 4144 primis
966 4075 1048 4130 huius
1072 4073 1171 4143 capitis
1198 4074 1291 4130 verbis
1317 4075 1369 4142 „ad

274 4162 396 4230 priscum
419 4177 450 4217 se
473 4163 566 4216 statim
590 4177 693 4217 morem
717 4161 851 4218 instituit“
876 4163 1009 4218 Hadriani
1035 4161 1158 4218 studium
1185 4167 1213 4217 et
1240 4162 1315 4218 dicta
1341 4167 1370 4217 et

275 4246 350 4303 faeta
368 4248 405 4303 ad
422 4248 542 4316 priorem
559 4248 739 4317 reipublicae
757 4253 875 4306 aetatem
890 4248 1027 4320 dirigendi
1045 4249 1156 4306 aliunde
1174 4264 1285 4318 quoque
1297 4265 1369 4305 com-
