<?xml version="1.0" encoding="UTF-8"?>
<!DOCTYPE html PUBLIC "-//W3C//DTD XHTML 1.0 Transitional//EN"
    "http://www.w3.org/TR/xhtml1/DTD/xhtml1-transitional.dtd">
<html xmlns="http://www.w3.org/1999/xhtml" xml:lang="en" lang="en">
 <head>
  <title>
</title>
<meta http-equiv="Content-Type" content="text/html;charset=utf-8" />
  <meta name='ocr-system' content='tesseract 3.04.00' />
  <meta name='ocr-capabilities' content='ocr_page ocr_carea ocr_par ocr_line ocrx_word'/>
</head>
<body>
  <div class='ocr_page' id='page_1' title='image "./defontibusvitar00perigoog_0044.png"; bbox 0 0 3118 4882; ppageno 0'>
   <div class='ocr_carea' id='block_1_1' title="bbox 801 453 845 520">
    <p class='ocr_par' dir='ltr' id='par_1_1' title="bbox 801 453 845 520">
     <span class='ocr_line' id='line_1_1' title="bbox 801 453 845 520; baseline 0 0"><span class='ocrx_word' id='word_1_1' title='bbox 801 453 845 520; x_wconf 83' lang='grc'><strong>36</strong></span> 
     </span>
    </p>
   </div>
   <div class='ocr_carea' id='block_1_2' title="bbox 273 647 1410 4194">
    <p class='ocr_par' dir='ltr' id='par_1_2' title="bbox 276 647 1375 1500">
     <span class='ocr_line' id='line_1_2' title="bbox 278 647 1374 719; baseline 0 -16"><span class='ocrx_word' id='word_1_2' title='bbox 278 647 351 703; x_wconf 87' lang='lat' dir='ltr'><strong>hunc</strong></span> <span class='ocrx_word' id='word_1_3' title='bbox 361 647 479 718; x_wconf 68' lang='lat' dir='ltr'><strong>&#39;tapsum</strong></span> <span class='ocrx_word' id='word_1_4' title='bbox 496 663 552 704; x_wconf 86' lang='lat' dir='ltr'><strong>nen</strong></span> <span class='ocrx_word' id='word_1_5' title='bbox 563 648 652 704; x_wconf 79' lang='lat' dir='ltr'><strong>Mario</strong></span> <span class='ocrx_word' id='word_1_6' title='bbox 665 649 794 719; x_wconf 81' lang='lat' dir='ltr'><strong>Maximo,</strong></span> <span class='ocrx_word' id='word_1_7' title='bbox 813 656 845 705; x_wconf 90' lang='lat' dir='ltr'><strong>ut</strong></span> <span class='ocrx_word' id='word_1_8' title='bbox 862 647 1158 718; x_wconf 68' lang='lat' dir='ltr'><strong>voluitHoeinerus1),</strong></span> <span class='ocrx_word' id='word_1_9' title='bbox 1176 649 1374 718; x_wconf 78' lang='lat' dir='ltr'><strong>iniungendum</strong></span> 
     </span>
     <span class='ocr_line' id='line_1_3' title="bbox 279 736 1374 806; baseline 0 -16"><span class='ocrx_word' id='word_1_10' title='bbox 279 745 357 802; x_wconf 84' lang='lat' dir='ltr'><strong>erse,</strong></span> <span class='ocrx_word' id='word_1_11' title='bbox 377 740 494 804; x_wconf 85' lang='lat' dir='ltr'><strong>apparet</strong></span> <span class='ocrx_word' id='word_1_12' title='bbox 512 751 546 790; x_wconf 87' lang='lat' dir='ltr'><strong>ex</strong></span> <span class='ocrx_word' id='word_1_13' title='bbox 564 736 613 791; x_wconf 90' lang='lat' dir='ltr'><strong>vit.</strong></span> <span class='ocrx_word' id='word_1_14' title='bbox 631 736 696 791; x_wconf 92' lang='lat' dir='ltr'><strong>Did.</strong></span> <span class='ocrx_word' id='word_1_15' title='bbox 715 737 770 794; x_wconf 86' lang='lat' dir='ltr'><strong>Jui.</strong></span> <span class='ocrx_word' id='word_1_16' title='bbox 789 739 823 806; x_wconf 88' lang='lat' dir='ltr'><strong>V,</strong></span> <span class='ocrx_word' id='word_1_17' title='bbox 842 740 873 806; x_wconf 87' lang='lat'><strong>1,</strong></span> <span class='ocrx_word' id='word_1_18' title='bbox 898 738 947 793; x_wconf 92' lang='lat' dir='ltr'><strong>ubi</strong></span> <span class='ocrx_word' id='word_1_19' title='bbox 964 737 1034 806; x_wconf 76' lang='lat' dir='ltr'><strong>legis</strong></span> <span class='ocrx_word' id='word_1_20' title='bbox 1054 742 1098 804; x_wconf 87' lang='lat' dir='ltr'><strong>„et</strong></span> <span class='ocrx_word' id='word_1_21' title='bbox 1115 738 1247 793; x_wconf 75' lang='lat' dir='ltr'><strong>Julianus</strong></span> <span class='ocrx_word' id='word_1_22' title='bbox 1262 736 1374 806; x_wconf 91' lang='lat' dir='ltr'><strong>quidem</strong></span> 
     </span>
     <span class='ocr_line' id='line_1_4' title="bbox 278 822 1374 894; baseline 0.001 -18"><span class='ocrx_word' id='word_1_23' title='bbox 278 834 369 891; x_wconf 84' lang='lat' dir='ltr'><strong>neque</strong></span> <span class='ocrx_word' id='word_1_24' title='bbox 380 822 557 878; x_wconf 80' lang='lat' dir='ltr'><strong>Britannicos</strong></span> <span class='ocrx_word' id='word_1_25' title='bbox 575 824 713 879; x_wconf 84' lang='lat' dir='ltr'><strong>exercitus</strong></span> <span class='ocrx_word' id='word_1_26' title='bbox 731 840 822 894; x_wconf 91' lang='lat' dir='ltr'><strong>neque</strong></span> <span class='ocrx_word' id='word_1_27' title='bbox 838 827 964 893; x_wconf 73' lang='lat' dir='ltr'><strong>illyricos</strong></span> <span class='ocrx_word' id='word_1_28' title='bbox 983 823 1113 880; x_wconf 83' lang='lat' dir='ltr'><strong>timebat“</strong></span> <span class='ocrx_word' id='word_1_29' title='bbox 1133 825 1160 888; x_wconf 89' lang='lat' dir='ltr'><strong>(i.</strong></span> <span class='ocrx_word' id='word_1_30' title='bbox 1174 841 1196 880; x_wconf 89' lang='lat' dir='ltr'><strong>e.</strong></span> <span class='ocrx_word' id='word_1_31' title='bbox 1209 841 1265 880; x_wconf 89' lang='lat' dir='ltr'><strong>non</strong></span> <span class='ocrx_word' id='word_1_32' title='bbox 1283 823 1374 893; x_wconf 88' lang='lat' dir='ltr'><strong>suspi-</strong></span> 
     </span>
     <span class='ocr_line' id='line_1_5' title="bbox 281 909 1375 979; baseline 0 -16"><span class='ocrx_word' id='word_1_33' title='bbox 281 915 361 964; x_wconf 85' lang='lat' dir='ltr'><strong>catus</strong></span> <span class='ocrx_word' id='word_1_34' title='bbox 379 916 424 964; x_wconf 89' lang='lat' dir='ltr'><strong>est</strong></span> <span class='ocrx_word' id='word_1_35' title='bbox 441 909 506 965; x_wconf 86' lang='lat' dir='ltr'><strong>inde</strong></span> <span class='ocrx_word' id='word_1_36' title='bbox 524 909 577 965; x_wconf 88' lang='lat' dir='ltr'><strong>sibi</strong></span> <span class='ocrx_word' id='word_1_37' title='bbox 594 911 748 978; x_wconf 88' lang='lat' dir='ltr'><strong>pericnlum</strong></span> <span class='ocrx_word' id='word_1_38' title='bbox 767 913 891 979; x_wconf 85' lang='lat' dir='ltr'><strong>instare),</strong></span> <span class='ocrx_word' id='word_1_39' title='bbox 910 915 939 967; x_wconf 91' lang='lat' dir='ltr'><strong>et</strong></span> <span class='ocrx_word' id='word_1_40' title='bbox 955 927 990 965; x_wconf 85' lang='lat' dir='ltr'><strong>ex</strong></span> <span class='ocrx_word' id='word_1_41' title='bbox 1002 911 1036 978; x_wconf 87' lang='lat' dir='ltr'><strong>V,</strong></span> <span class='ocrx_word' id='word_1_42' title='bbox 1055 911 1072 964; x_wconf 78' lang='lat'><strong>2</strong></span> <span class='ocrx_word' id='word_1_43' title='bbox 1092 911 1275 979; x_wconf 73' lang='lat' dir='ltr'><strong>„Pescennius</strong></span> <span class='ocrx_word' id='word_1_44' title='bbox 1289 911 1375 978; x_wconf 80' lang='lat' dir='ltr'>Niger</span> 
     </span>
     <span class='ocr_line' id='line_1_6' title="bbox 278 995 1374 1066; baseline 0.001 -15"><span class='ocrx_word' id='word_1_45' title='bbox 278 997 308 1051; x_wconf 93' lang='lat' dir='ltr'><strong>in</strong></span> <span class='ocrx_word' id='word_1_46' title='bbox 319 996 409 1065; x_wconf 83' lang='lat' dir='ltr'><strong>Syria,</strong></span> <span class='ocrx_word' id='word_1_47' title='bbox 427 995 577 1064; x_wconf 82' lang='lat' dir='ltr'><strong>Septimius</strong></span> <span class='ocrx_word' id='word_1_48' title='bbox 591 997 710 1053; x_wconf 85' lang='lat' dir='ltr'><strong>Severus</strong></span> <span class='ocrx_word' id='word_1_49' title='bbox 722 1000 751 1052; x_wconf 91' lang='lat' dir='ltr'><strong>in</strong></span> <span class='ocrx_word' id='word_1_50' title='bbox 763 998 876 1066; x_wconf 67' lang='lat' dir='ltr'><strong>uipera</strong></span> <span class='ocrx_word' id='word_1_51' title='bbox 885 1014 951 1053; x_wconf 86' lang='lat' dir='ltr'><strong>cum</strong></span> <span class='ocrx_word' id='word_1_52' title='bbox 963 997 1130 1052; x_wconf 75' lang='lat' dir='ltr'><strong>exercitibus</strong></span> <span class='ocrx_word' id='word_1_53' title='bbox 1139 1039 1145 1051; x_wconf 96' lang='lat'><strong>.</strong></span> <span class='ocrx_word' id='word_1_54' title='bbox 1154 1040 1161 1052; x_wconf 94' lang='lat'><strong>.</strong></span> <span class='ocrx_word' id='word_1_55' title='bbox 1169 1039 1191 1052; x_wconf 93' lang='lat'><strong>..</strong></span> <span class='ocrx_word' id='word_1_56' title='bbox 1204 995 1374 1065; x_wconf 83' lang='lat' dir='ltr'><strong>descivere“,</strong></span> 
     </span>
     <span class='ocr_line' id='line_1_7' title="bbox 279 1082 1374 1153; baseline 0.003 -16"><span class='ocrx_word' id='word_1_57' title='bbox 279 1098 351 1153; x_wconf 87' lang='lat' dir='ltr'><strong>quae</strong></span> <span class='ocrx_word' id='word_1_58' title='bbox 368 1082 492 1137; x_wconf 85' lang='lat' dir='ltr'><strong>Mariana</strong></span> <span class='ocrx_word' id='word_1_59' title='bbox 510 1099 573 1138; x_wconf 85' lang='lat' dir='ltr'><strong>esse</strong></span> <span class='ocrx_word' id='word_1_60' title='bbox 590 1084 742 1140; x_wconf 84' lang='lat' dir='ltr'><strong>Ruebelius</strong></span> <span class='ocrx_word' id='word_1_61' title='bbox 761 1085 823 1153; x_wconf 90' lang='lat' dir='ltr'><strong>ipse</strong></span> <span class='ocrx_word' id='word_1_62' title='bbox 840 1084 907 1138; x_wconf 93' lang='lat' dir='ltr'><strong>mihi</strong></span> <span class='ocrx_word' id='word_1_63' title='bbox 924 1085 1066 1153; x_wconf 88' lang='lat' dir='ltr'><strong>persuasit</strong></span> <span class='ocrx_word' id='word_1_64' title='bbox 1074 1083 1103 1149; x_wconf 78' lang='lat'><strong>²).</strong></span> <span class='ocrx_word' id='word_1_65' title='bbox 1121 1084 1263 1153; x_wconf 83' lang='lat' dir='ltr'><strong>Illyricum</strong></span> <span class='ocrx_word' id='word_1_66' title='bbox 1281 1089 1374 1140; x_wconf 88' lang='lat' dir='ltr'><strong>antem</strong></span> 
     </span>
     <span class='ocr_line' id='line_1_8' title="bbox 276 1170 1375 1241; baseline 0.001 -17"><span class='ocrx_word' id='word_1_67' title='bbox 276 1170 361 1225; x_wconf 89' lang='lat' dir='ltr'><strong>iatius</strong></span> <span class='ocrx_word' id='word_1_68' title='bbox 379 1175 477 1238; x_wconf 88' lang='lat' dir='ltr'><strong>patere</strong></span> <span class='ocrx_word' id='word_1_69' title='bbox 495 1175 523 1226; x_wconf 90' lang='lat' dir='ltr'><strong>et</strong></span> <span class='ocrx_word' id='word_1_70' title='bbox 540 1171 709 1226; x_wconf 87' lang='lat' dir='ltr'><strong>Pannoniam</strong></span> <span class='ocrx_word' id='word_1_71' title='bbox 729 1187 842 1241; x_wconf 92' lang='lat' dir='ltr'><strong>quoque</strong></span> <span class='ocrx_word' id='word_1_72' title='bbox 860 1171 1094 1239; x_wconf 77' lang='lat' dir='ltr'><strong>comprehendere</strong></span> <span class='ocrx_word' id='word_1_73' title='bbox 1111 1175 1209 1225; x_wconf 90' lang='lat' dir='ltr'><strong>uotum</strong></span> <span class='ocrx_word' id='word_1_74' title='bbox 1227 1175 1278 1226; x_wconf 91' lang='lat' dir='ltr'><strong>est.</strong></span> <span class='ocrx_word' id='word_1_75' title='bbox 1298 1170 1375 1236; x_wconf 81' lang='lat' dir='ltr'><strong>Quae</strong></span> 
     </span>
     <span class='ocr_line' id='line_1_9' title="bbox 279 1256 1374 1326; baseline 0 -14"><span class='ocrx_word' id='word_1_76' title='bbox 279 1275 341 1312; x_wconf 91' lang='lat' dir='ltr'><strong>oum</strong></span> <span class='ocrx_word' id='word_1_77' title='bbox 366 1256 407 1311; x_wconf 88' lang='lat' dir='ltr'><strong>ita</strong></span> <span class='ocrx_word' id='word_1_78' title='bbox 432 1258 501 1324; x_wconf 84' lang='lat' dir='ltr'><strong>sint,</strong></span> <span class='ocrx_word' id='word_1_79' title='bbox 526 1259 573 1312; x_wconf 86' lang='lat' dir='ltr'><strong>vix</strong></span> <span class='ocrx_word' id='word_1_80' title='bbox 597 1258 744 1326; x_wconf 88' lang='lat' dir='ltr'><strong>quisquam</strong></span> <span class='ocrx_word' id='word_1_81' title='bbox 768 1257 1004 1326; x_wconf 77' lang='lat' dir='ltr'><strong>perturbationem</strong></span> <span class='ocrx_word' id='word_1_82' title='bbox 1029 1257 1104 1321; x_wconf 78' lang='lat' dir='ltr'><strong>illam</strong></span> <span class='ocrx_word' id='word_1_83' title='bbox 1127 1258 1157 1311; x_wconf 92' lang='lat' dir='ltr'><strong>in</strong></span> <span class='ocrx_word' id='word_1_84' title='bbox 1181 1257 1374 1313; x_wconf 79' lang='lat' dir='ltr'><strong>enumerandis</strong></span> 
     </span>
     <span class='ocr_line' id='line_1_10' title="bbox 279 1343 1374 1414; baseline 0.001 -16"><span class='ocrx_word' id='word_1_85' title='bbox 279 1344 440 1399; x_wconf 90' lang='lat' dir='ltr'><strong>muneribus</strong></span> <span class='ocrx_word' id='word_1_86' title='bbox 461 1350 586 1400; x_wconf 87' lang='lat' dir='ltr'><strong>exortam</strong></span> <span class='ocrx_word' id='word_1_87' title='bbox 603 1344 691 1400; x_wconf 88' lang='lat' dir='ltr'><strong>Mario</strong></span> <span class='ocrx_word' id='word_1_88' title='bbox 710 1345 829 1399; x_wconf 87' lang='lat' dir='ltr'><strong>Maximo</strong></span> <span class='ocrx_word' id='word_1_89' title='bbox 855 1345 926 1399; x_wconf 87' lang='lat' dir='ltr'><strong>vitio</strong></span> <span class='ocrx_word' id='word_1_90' title='bbox 952 1345 1019 1398; x_wconf 88' lang='lat' dir='ltr'><strong>dare</strong></span> <span class='ocrx_word' id='word_1_91' title='bbox 1043 1343 1171 1410; x_wconf 89' lang='lat' dir='ltr'><strong>audebit,</strong></span> <span class='ocrx_word' id='word_1_92' title='bbox 1197 1361 1374 1414; x_wconf 88' lang='lat' dir='ltr'><strong>quamquam,</strong></span> 
     </span>
     <span class='ocr_line' id='line_1_11' title="bbox 279 1429 1061 1500; baseline -0.003 -15"><span class='ocrx_word' id='word_1_93' title='bbox 279 1432 422 1500; x_wconf 86' lang='lat' dir='ltr'><strong>quomodo</strong></span> <span class='ocrx_word' id='word_1_94' title='bbox 440 1448 485 1486; x_wconf 89' lang='lat' dir='ltr'><strong>res</strong></span> <span class='ocrx_word' id='word_1_95' title='bbox 504 1431 669 1500; x_wconf 83' lang='lat' dir='ltr'><strong>explicanda</strong></span> <span class='ocrx_word' id='word_1_96' title='bbox 687 1432 738 1498; x_wconf 86' lang='lat' dir='ltr'><strong>sit,</strong></span> <span class='ocrx_word' id='word_1_97' title='bbox 757 1433 840 1487; x_wconf 84' lang='lat' dir='ltr'><strong>etiam</strong></span> <span class='ocrx_word' id='word_1_98' title='bbox 861 1447 933 1486; x_wconf 79' lang='lat' dir='ltr'><strong>nunc</strong></span> <span class='ocrx_word' id='word_1_99' title='bbox 953 1429 1061 1484; x_wconf 84' lang='lat' dir='ltr'><strong>dubito.</strong></span> 
     </span>
    </p>

    <p class='ocr_par' dir='ltr' id='par_1_3' title="bbox 276 1515 1375 2529">
     <span class='ocr_line' id='line_1_12' title="bbox 347 1515 1371 1587; baseline -0.004 -14"><span class='ocrx_word' id='word_1_100' title='bbox 347 1517 482 1587; x_wconf 81' lang='lat' dir='ltr'><strong>Superest</strong></span> <span class='ocrx_word' id='word_1_101' title='bbox 497 1523 530 1572; x_wconf 91' lang='lat' dir='ltr'><strong>ut</strong></span> <span class='ocrx_word' id='word_1_102' title='bbox 546 1517 629 1573; x_wconf 85' lang='lat' dir='ltr'><strong>finem</strong></span> <span class='ocrx_word' id='word_1_103' title='bbox 642 1517 729 1573; x_wconf 85' lang='lat' dir='ltr'><strong>buius</strong></span> <span class='ocrx_word' id='word_1_104' title='bbox 739 1519 863 1586; x_wconf 89' lang='lat' dir='ltr'><strong>excerpti</strong></span> <span class='ocrx_word' id='word_1_105' title='bbox 876 1516 1099 1573; x_wconf 85' lang='lat' dir='ltr'><strong>determinemus.</strong></span> <span class='ocrx_word' id='word_1_106' title='bbox 1115 1515 1231 1570; x_wconf 75' lang='lat' dir='ltr'><strong>Etiamsi</strong></span> <span class='ocrx_word' id='word_1_107' title='bbox 1240 1516 1296 1570; x_wconf 83' lang='lat' dir='ltr'><strong>ism</strong></span> <span class='ocrx_word' id='word_1_108' title='bbox 1308 1517 1343 1583; x_wconf 95' lang='lat' dir='ltr'><strong>V,</strong></span> <span class='ocrx_word' id='word_1_109' title='bbox 1356 1517 1371 1568; x_wconf 91' lang='lat'>1</span> 
     </span>
     <span class='ocr_line' id='line_1_13' title="bbox 277 1603 1372 1673; baseline -0.003 -13"><span class='ocrx_word' id='word_1_110' title='bbox 277 1619 378 1660; x_wconf 87' lang='lat' dir='ltr'><strong>nomen</strong></span> <span class='ocrx_word' id='word_1_111' title='bbox 396 1603 494 1673; x_wconf 78' lang='lat' dir='ltr'><strong>oppidi</strong></span> <span class='ocrx_word' id='word_1_112' title='bbox 513 1604 646 1660; x_wconf 79' lang='lat' dir='ltr'><strong>camunti</strong></span> <span class='ocrx_word' id='word_1_113' title='bbox 663 1620 698 1660; x_wconf 88' lang='lat' dir='ltr'><strong>ex</strong></span> <span class='ocrx_word' id='word_1_114' title='bbox 715 1604 804 1661; x_wconf 85' lang='lat' dir='ltr'><strong>Mario</strong></span> <span class='ocrx_word' id='word_1_115' title='bbox 823 1603 943 1660; x_wconf 83' lang='lat' dir='ltr'><strong>Maximo</strong></span> <span class='ocrx_word' id='word_1_116' title='bbox 960 1604 1077 1659; x_wconf 89' lang='lat' dir='ltr'><strong>inditum</strong></span> <span class='ocrx_word' id='word_1_117' title='bbox 1099 1604 1209 1659; x_wconf 72' lang='lat' dir='ltr'><strong>udetur</strong></span> <span class='ocrx_word' id='word_1_118' title='bbox 1227 1631 1260 1640; x_wconf 89' lang='lat'>—</span> <span class='ocrx_word' id='word_1_119' title='bbox 1279 1619 1372 1672; x_wconf 88' lang='lat' dir='ltr'><strong>quam-</strong></span> 
     </span>
     <span class='ocr_line' id='line_1_14' title="bbox 279 1690 1371 1762; baseline -0.002 -16"><span class='ocrx_word' id='word_1_120' title='bbox 279 1709 362 1762; x_wconf 90' lang='lat' dir='ltr'><strong>quarn</strong></span> <span class='ocrx_word' id='word_1_121' title='bbox 380 1692 445 1746; x_wconf 91' lang='lat' dir='ltr'><strong>nihii</strong></span> <span class='ocrx_word' id='word_1_122' title='bbox 464 1691 567 1759; x_wconf 88' lang='lat' dir='ltr'><strong>obstat,</strong></span> <span class='ocrx_word' id='word_1_123' title='bbox 586 1692 734 1760; x_wconf 88' lang='lat' dir='ltr'><strong>quominus</strong></span> <span class='ocrx_word' id='word_1_124' title='bbox 751 1691 879 1761; x_wconf 82' lang='lat' dir='ltr'><strong>ignotum</strong></span> <span class='ocrx_word' id='word_1_125' title='bbox 897 1692 972 1747; x_wconf 86' lang='lat' dir='ltr'><strong>illum</strong></span> <span class='ocrx_word' id='word_1_126' title='bbox 991 1690 1165 1760; x_wconf 88' lang='lat' dir='ltr'><strong>scriptorem,</strong></span> <span class='ocrx_word' id='word_1_127' title='bbox 1184 1690 1232 1745; x_wconf 90' lang='lat' dir='ltr'><strong>ubi</strong></span> <span class='ocrx_word' id='word_1_128' title='bbox 1249 1690 1371 1745; x_wconf 73' lang='lat' dir='ltr'><strong>Carnun-</strong></span> 
     </span>
     <span class='ocr_line' id='line_1_15' title="bbox 278 1777 1372 1846; baseline -0.002 -14"><span class='ocrx_word' id='word_1_129' title='bbox 278 1781 337 1832; x_wconf 86' lang='lat' dir='ltr'><strong>tum</strong></span> <span class='ocrx_word' id='word_1_130' title='bbox 361 1778 445 1833; x_wconf 90' lang='lat' dir='ltr'><strong>situm</strong></span> <span class='ocrx_word' id='word_1_131' title='bbox 470 1779 520 1845; x_wconf 87' lang='lat' dir='ltr'><strong>sit,</strong></span> <span class='ocrx_word' id='word_1_132' title='bbox 545 1778 693 1846; x_wconf 79' lang='lat' dir='ltr'><strong>ignorasse</strong></span> <span class='ocrx_word' id='word_1_133' title='bbox 717 1784 847 1846; x_wconf 86' lang='lat' dir='ltr'><strong>putemus</strong></span> <span class='ocrx_word' id='word_1_134' title='bbox 866 1807 899 1816; x_wconf 91' lang='lat'>-</span> <span class='ocrx_word' id='word_1_135' title='bbox 918 1784 1012 1833; x_wconf 85' lang='lat' dir='ltr'><strong>tamea</strong></span> <span class='ocrx_word' id='word_1_136' title='bbox 1035 1777 1117 1832; x_wconf 89' lang='lat' dir='ltr'><strong>etiam</strong></span> <span class='ocrx_word' id='word_1_137' title='bbox 1136 1782 1151 1840; x_wconf 66' lang='grc' dir='ltr'><strong>ἐ</strong></span> <span class='ocrx_word' id='word_1_138' title='bbox 1169 1779 1186 1831; x_wconf 78' lang='grc'>2</span> <span class='ocrx_word' id='word_1_139' title='bbox 1204 1782 1233 1832; x_wconf 87' lang='lat' dir='ltr'><strong>et</strong></span> <span class='ocrx_word' id='word_1_140' title='bbox 1250 1778 1267 1830; x_wconf 85' lang='lat'>3</span> <span class='ocrx_word' id='word_1_141' title='bbox 1285 1777 1320 1832; x_wconf 89' lang='lat' dir='ltr'><strong>ab</strong></span> <span class='ocrx_word' id='word_1_142' title='bbox 1339 1793 1372 1832; x_wconf 91' lang='lat' dir='ltr'><strong>eo</strong></span> 
     </span>
     <span class='ocr_line' id='line_1_16' title="bbox 280 1863 1375 1934; baseline -0.002 -15"><span class='ocrx_word' id='word_1_143' title='bbox 280 1864 438 1920; x_wconf 86' lang='lat' dir='ltr'><strong>abhorrent.</strong></span> <span class='ocrx_word' id='word_1_144' title='bbox 473 1865 532 1919; x_wconf 86' lang='lat' dir='ltr'><strong>Iam</strong></span> <span class='ocrx_word' id='word_1_145' title='bbox 550 1864 703 1919; x_wconf 83' lang='lat' dir='ltr'><strong>Ruebeiius</strong></span> <span class='ocrx_word' id='word_1_146' title='bbox 722 1865 885 1919; x_wconf 84' lang='lat' dir='ltr'><strong>offenditis</strong></span> <span class='ocrx_word' id='word_1_147' title='bbox 903 1881 953 1932; x_wconf 87' lang='lat' dir='ltr'><strong>eo,</strong></span> <span class='ocrx_word' id='word_1_148' title='bbox 973 1865 1050 1934; x_wconf 90' lang='lat' dir='ltr'><strong>quod</strong></span> <span class='ocrx_word' id='word_1_149' title='bbox 1068 1864 1188 1919; x_wconf 87' lang='lat' dir='ltr'><strong>Severus</strong></span> <span class='ocrx_word' id='word_1_150' title='bbox 1206 1864 1299 1919; x_wconf 91' lang='lat' dir='ltr'><strong>idibus</strong></span> <span class='ocrx_word' id='word_1_151' title='bbox 1316 1863 1375 1917; x_wconf 82' lang='lat' dir='ltr'><strong>Au·</strong></span> 
     </span>
     <span class='ocr_line' id='line_1_17' title="bbox 278 1951 1372 2020; baseline -0.002 -15"><span class='ocrx_word' id='word_1_152' title='bbox 278 1952 370 2020; x_wconf 87' lang='lat' dir='ltr'><strong>gustis</strong></span> <span class='ocrx_word' id='word_1_153' title='bbox 388 1952 540 2020; x_wconf 89' lang='lat' dir='ltr'><strong>imperator</strong></span> <span class='ocrx_word' id='word_1_154' title='bbox 558 1952 715 2020; x_wconf 86' lang='lat' dir='ltr'><strong>appellatus</strong></span> <span class='ocrx_word' id='word_1_155' title='bbox 733 1966 796 2006; x_wconf 90' lang='lat' dir='ltr'><strong>esse</strong></span> <span class='ocrx_word' id='word_1_156' title='bbox 815 1951 950 2019; x_wconf 87' lang='lat' dir='ltr'><strong>traditur,</strong></span> <span class='ocrx_word' id='word_1_157' title='bbox 976 1967 1038 2005; x_wconf 86' lang='lat' dir='ltr'><strong>curn</strong></span> <span class='ocrx_word' id='word_1_158' title='bbox 1057 1951 1178 2006; x_wconf 88' lang='lat' dir='ltr'><strong>sciamus</strong></span> <span class='ocrx_word' id='word_1_159' title='bbox 1197 1967 1213 2006; x_wconf 89' lang='lat' dir='ltr'><strong>e</strong></span> <span class='ocrx_word' id='word_1_160' title='bbox 1231 1951 1279 2006; x_wconf 89' lang='lat' dir='ltr'><strong>vit.</strong></span> <span class='ocrx_word' id='word_1_161' title='bbox 1298 1951 1372 2006; x_wconf 90' lang='lat' dir='ltr'><strong>Pert.</strong></span> 
     </span>
     <span class='ocr_line' id='line_1_18' title="bbox 277 2035 1374 2106; baseline -0.003 -13"><span class='ocrx_word' id='word_1_162' title='bbox 277 2039 340 2106; x_wconf 83' lang='lat' dir='ltr'><strong>XV,</strong></span> <span class='ocrx_word' id='word_1_163' title='bbox 358 2038 376 2093; x_wconf 88' lang='lat'>5</span> <span class='ocrx_word' id='word_1_164' title='bbox 393 2039 566 2093; x_wconf 83' lang='lat' dir='ltr'><strong>Pertinacem</strong></span> <span class='ocrx_word' id='word_1_165' title='bbox 590 2038 645 2092; x_wconf 88' lang='lat' dir='ltr'><strong>iam</strong></span> <span class='ocrx_word' id='word_1_166' title='bbox 663 2054 688 2092; x_wconf 88' lang='lat' dir='ltr'><strong>a.</strong></span> <span class='ocrx_word' id='word_1_167' title='bbox 707 2038 734 2092; x_wconf 92' lang='lat' dir='ltr'><strong>d.</strong></span> <span class='ocrx_word' id='word_1_168' title='bbox 753 2038 779 2093; x_wconf 90' lang='lat' dir='ltr'>V</span> <span class='ocrx_word' id='word_1_169' title='bbox 797 2038 859 2092; x_wconf 85' lang='lat' dir='ltr'><strong>Kal.</strong></span> <span class='ocrx_word' id='word_1_170' title='bbox 878 2037 967 2106; x_wconf 84' lang='lat' dir='ltr'><strong>Aprii.</strong></span> <span class='ocrx_word' id='word_1_171' title='bbox 986 2035 1160 2092; x_wconf 86' lang='lat' dir='ltr'><strong>interfectum</strong></span> <span class='ocrx_word' id='word_1_172' title='bbox 1182 2053 1259 2105; x_wconf 65' lang='lat' dir='ltr'><strong>esser</strong></span> <span class='ocrx_word' id='word_1_173' title='bbox 1283 2051 1374 2105; x_wconf 88' lang='lat' dir='ltr'><strong>neque</strong></span> 
     </span>
     <span class='ocr_line' id='line_1_19' title="bbox 276 2122 1374 2194; baseline -0.002 -14"><span class='ocrx_word' id='word_1_174' title='bbox 276 2130 370 2180; x_wconf 75' lang='lat' dir='ltr'><strong>tarum</strong></span> <span class='ocrx_word' id='word_1_175' title='bbox 381 2141 435 2194; x_wconf 92' lang='lat' dir='ltr'><strong>pro</strong></span> <span class='ocrx_word' id='word_1_176' title='bbox 449 2123 620 2193; x_wconf 77' lang='lat' dir='ltr'><strong>,Augustis“</strong></span> <span class='ocrx_word' id='word_1_177' title='bbox 636 2122 813 2193; x_wconf 79' lang='lat' dir='ltr'><strong>„Aprilibus“</strong></span> <span class='ocrx_word' id='word_1_178' title='bbox 828 2123 1024 2192; x_wconf 83' lang='lat' dir='ltr'><strong>corrigendum</strong></span> <span class='ocrx_word' id='word_1_179' title='bbox 1041 2138 1104 2179; x_wconf 90' lang='lat' dir='ltr'><strong>esse</strong></span> <span class='ocrx_word' id='word_1_180' title='bbox 1116 2130 1194 2192; x_wconf 82' lang='lat' dir='ltr'><strong>putu,</strong></span> <span class='ocrx_word' id='word_1_181' title='bbox 1212 2124 1279 2192; x_wconf 90' lang='lat' dir='ltr'><strong>quia</strong></span> <span class='ocrx_word' id='word_1_182' title='bbox 1291 2123 1374 2179; x_wconf 83' lang='lat' dir='ltr'><strong>etiem</strong></span> 
     </span>
     <span class='ocr_line' id='line_1_20' title="bbox 278 2209 1372 2283; baseline -0.003 -16"><span class='ocrx_word' id='word_1_183' title='bbox 278 2226 351 2282; x_wconf 86' lang='lat' dir='ltr'><strong>quse</strong></span> <span class='ocrx_word' id='word_1_184' title='bbox 374 2216 528 2283; x_wconf 85' lang='lat' dir='ltr'><strong>sequuntur</strong></span> <span class='ocrx_word' id='word_1_185' title='bbox 547 2226 626 2279; x_wconf 89' lang='lat' dir='ltr'><strong>,eum</strong></span> <span class='ocrx_word' id='word_1_186' title='bbox 650 2211 704 2265; x_wconf 88' lang='lat' dir='ltr'><strong>iam</strong></span> <span class='ocrx_word' id='word_1_187' title='bbox 722 2210 872 2280; x_wconf 83' lang='lat' dir='ltr'><strong>liiyrieisui</strong></span> <span class='ocrx_word' id='word_1_188' title='bbox 897 2210 1035 2267; x_wconf 70' lang='lat' dir='ltr'><strong>exeratur</strong></span> <span class='ocrx_word' id='word_1_189' title='bbox 1060 2216 1089 2266; x_wconf 92' lang='lat' dir='ltr'><strong>et</strong></span> <span class='ocrx_word' id='word_1_190' title='bbox 1112 2209 1248 2265; x_wconf 78' lang='lat' dir='ltr'><strong>Gallicani</strong></span> <span class='ocrx_word' id='word_1_191' title='bbox 1278 2251 1343 2265; x_wconf 93' lang='lat'><strong>...</strong></span> <span class='ocrx_word' id='word_1_192' title='bbox 1366 2251 1372 2264; x_wconf 99' lang='lat'><strong>.</strong></span> 
     </span>
     <span class='ocr_line' id='line_1_21' title="bbox 278 2295 1374 2366; baseline -0.001 -13"><span class='ocrx_word' id='word_1_193' title='bbox 278 2299 306 2353; x_wconf 92' lang='lat' dir='ltr'><strong>in</strong></span> <span class='ocrx_word' id='word_1_194' title='bbox 334 2299 393 2355; x_wconf 88' lang='lat' dir='ltr'><strong>eius</strong></span> <span class='ocrx_word' id='word_1_195' title='bbox 427 2298 513 2354; x_wconf 85' lang='lat' dir='ltr'><strong>verba</strong></span> <span class='ocrx_word' id='word_1_196' title='bbox 547 2295 703 2355; x_wconf 84' lang='lat' dir='ltr'><strong>iurassent“</strong></span> <span class='ocrx_word' id='word_1_197' title='bbox 732 2314 795 2354; x_wconf 91' lang='lat' dir='ltr'><strong>cum</strong></span> <span class='ocrx_word' id='word_1_198' title='bbox 822 2298 909 2355; x_wconf 87' lang='lat' dir='ltr'><strong>Mario</strong></span> <span class='ocrx_word' id='word_1_199' title='bbox 937 2299 1057 2352; x_wconf 83' lang='lat' dir='ltr'><strong>Maximo</strong></span> <span class='ocrx_word' id='word_1_200' title='bbox 1084 2303 1227 2366; x_wconf 82' lang='lat' dir='ltr'><strong>pugnant,</strong></span> <span class='ocrx_word' id='word_1_201' title='bbox 1263 2297 1312 2366; x_wconf 91' lang='lat' dir='ltr'><strong>qui</strong></span> <span class='ocrx_word' id='word_1_202' title='bbox 1338 2296 1374 2352; x_wconf 89' lang='lat' dir='ltr'><strong>ab</strong></span> 
     </span>
     <span class='ocr_line' id='line_1_22' title="bbox 276 2383 1373 2455; baseline -0.004 -14"><span class='ocrx_word' id='word_1_203' title='bbox 276 2387 346 2455; x_wconf 89' lang='lat' dir='ltr'><strong>ipsis</strong></span> <span class='ocrx_word' id='word_1_204' title='bbox 370 2386 491 2455; x_wconf 85' lang='lat' dir='ltr'><strong>illyricis</strong></span> <span class='ocrx_word' id='word_1_205' title='bbox 515 2384 681 2440; x_wconf 83' lang='lat' dir='ltr'><strong>exercitibus</strong></span> <span class='ocrx_word' id='word_1_206' title='bbox 705 2385 838 2440; x_wconf 79' lang='lat' dir='ltr'><strong>Severum</strong></span> <span class='ocrx_word' id='word_1_207' title='bbox 863 2386 960 2455; x_wconf 87' lang='lat' dir='ltr'><strong>primis</strong></span> <span class='ocrx_word' id='word_1_208' title='bbox 985 2385 1180 2454; x_wconf 86' lang='lat' dir='ltr'><strong>imperatorem</strong></span> <span class='ocrx_word' id='word_1_209' title='bbox 1204 2383 1373 2452; x_wconf 85' lang='lat' dir='ltr'><strong>appeliatum</strong></span> 
     </span>
     <span class='ocr_line' id='line_1_23' title="bbox 276 2478 486 2529; baseline -0.01 -1"><span class='ocrx_word' id='word_1_210' title='bbox 276 2489 341 2528; x_wconf 89' lang='lat' dir='ltr'><strong>esse</strong></span> <span class='ocrx_word' id='word_1_211' title='bbox 357 2478 486 2529; x_wconf 85' lang='lat' dir='ltr'><strong>testatur.</strong></span> 
     </span>
    </p>

    <p class='ocr_par' dir='ltr' id='par_1_4' title="bbox 273 2556 1410 3932">
     <span class='ocr_line' id='line_1_24' title="bbox 349 2556 1373 2628; baseline -0.003 -13"><span class='ocrx_word' id='word_1_212' title='bbox 349 2560 453 2614; x_wconf 77' lang='lat' dir='ltr'><strong>Contra</strong></span> <span class='ocrx_word' id='word_1_213' title='bbox 471 2558 624 2614; x_wconf 87' lang='lat' dir='ltr'><strong>Marianum</strong></span> <span class='ocrx_word' id='word_1_214' title='bbox 641 2559 792 2628; x_wconf 83' lang='lat' dir='ltr'><strong>vestigium</strong></span> <span class='ocrx_word' id='word_1_215' title='bbox 810 2565 891 2628; x_wconf 87' lang='lat' dir='ltr'><strong>patet</strong></span> <span class='ocrx_word' id='word_1_216' title='bbox 901 2559 936 2627; x_wconf 91' lang='lat' dir='ltr'><strong>V,</strong></span> <span class='ocrx_word' id='word_1_217' title='bbox 954 2561 985 2614; x_wconf 85' lang='lat'><strong>8:</strong></span> <span class='ocrx_word' id='word_1_218' title='bbox 1004 2559 1080 2628; x_wconf 92' lang='lat' dir='ltr'><strong>quod</strong></span> <span class='ocrx_word' id='word_1_219' title='bbox 1099 2559 1169 2614; x_wconf 90' lang='lat' dir='ltr'><strong>enim</strong></span> <span class='ocrx_word' id='word_1_220' title='bbox 1187 2557 1304 2626; x_wconf 80' lang='lat' dir='ltr'><strong>legimns</strong></span> <span class='ocrx_word' id='word_1_221' title='bbox 1319 2556 1373 2624; x_wconf 91' lang='lat' dir='ltr'><strong>,in-</strong></span> 
     </span>
     <span class='ocr_line' id='line_1_25' title="bbox 279 2645 1373 2714; baseline -0.004 -12"><span class='ocrx_word' id='word_1_222' title='bbox 279 2653 386 2702; x_wconf 88' lang='lat' dir='ltr'><strong>certum</strong></span> <span class='ocrx_word' id='word_1_223' title='bbox 403 2647 432 2701; x_wconf 90' lang='lat' dir='ltr'><strong>id</strong></span> <span class='ocrx_word' id='word_1_224' title='bbox 450 2663 486 2700; x_wconf 89' lang='lat' dir='ltr'><strong>an</strong></span> <span class='ocrx_word' id='word_1_225' title='bbox 504 2647 570 2702; x_wconf 93' lang='lat' dir='ltr'><strong>dolo</strong></span> <span class='ocrx_word' id='word_1_226' title='bbox 587 2645 693 2714; x_wconf 84' lang='lat' dir='ltr'><strong>iecerit,</strong></span> <span class='ocrx_word' id='word_1_227' title='bbox 712 2663 775 2701; x_wconf 89' lang='lat' dir='ltr'><strong>cum</strong></span> <span class='ocrx_word' id='word_1_228' title='bbox 792 2647 848 2701; x_wconf 90' lang='lat' dir='ltr'><strong>iam</strong></span> <span class='ocrx_word' id='word_1_229' title='bbox 865 2652 931 2702; x_wconf 88' lang='lat' dir='ltr'><strong>ante</strong></span> <span class='ocrx_word' id='word_1_230' title='bbox 947 2647 1068 2702; x_wconf 89' lang='lat' dir='ltr'><strong>misisset</strong></span> <span class='ocrx_word' id='word_1_231' title='bbox 1084 2652 1162 2701; x_wconf 79' lang='lat' dir='ltr'><strong>notos</strong></span> <span class='ocrx_word' id='word_1_232' title='bbox 1176 2646 1275 2699; x_wconf 73' lang='lat' dir='ltr'><strong>dacusa</strong></span> <span class='ocrx_word' id='word_1_233' title='bbox 1291 2645 1373 2698; x_wconf 78' lang='lat' dir='ltr'><strong>iater-</strong></span> 
     </span>
     <span class='ocr_line' id='line_1_26' title="bbox 273 2731 1374 2802; baseline -0.005 -14"><span class='ocrx_word' id='word_1_234' title='bbox 273 2735 390 2802; x_wconf 80' lang='lat' dir='ltr'><strong>fectores</strong></span> <span class='ocrx_word' id='word_1_235' title='bbox 415 2733 565 2801; x_wconf 87' lang='lat' dir='ltr'><strong>quosdam,</strong></span> <span class='ocrx_word' id='word_1_236' title='bbox 591 2733 638 2801; x_wconf 92' lang='lat' dir='ltr'><strong>qui</strong></span> <span class='ocrx_word' id='word_1_237' title='bbox 662 2733 796 2789; x_wconf 82' lang='lat' dir='ltr'><strong>Severum</strong></span> <span class='ocrx_word' id='word_1_238' title='bbox 819 2734 1000 2801; x_wconf 82' lang='lat' dir='ltr'><strong>occiderent,</strong></span> <span class='ocrx_word' id='word_1_239' title='bbox 1017 2734 1058 2788; x_wconf 84' lang='lat' dir='ltr'><strong>ita</strong></span> <span class='ocrx_word' id='word_1_240' title='bbox 1080 2739 1113 2788; x_wconf 92' lang='lat' dir='ltr'><strong>ut</strong></span> <span class='ocrx_word' id='word_1_241' title='bbox 1136 2733 1173 2786; x_wconf 85' lang='lat' dir='ltr'><strong>od</strong></span> <span class='ocrx_word' id='word_1_242' title='bbox 1196 2731 1374 2786; x_wconf 78' lang='lat' dir='ltr'><strong>Pescennium</strong></span> 
     </span>
     <span class='ocr_line' id='line_1_27' title="bbox 278 2817 1374 2886; baseline -0.004 -12"><span class='ocrx_word' id='word_1_243' title='bbox 278 2820 452 2874; x_wconf 60' lang='lat' dir='ltr'><strong>medeamur</strong></span> <span class='ocrx_word' id='word_1_244' title='bbox 469 2817 597 2874; x_wconf 80' lang='lat' dir='ltr'><strong>miserat“</strong></span> <span class='ocrx_word' id='word_1_245' title='bbox 617 2819 672 2874; x_wconf 84' lang='lat' dir='ltr'><strong>huc</strong></span> <span class='ocrx_word' id='word_1_246' title='bbox 690 2818 874 2876; x_wconf 84' lang='lat' dir='ltr'><strong>conferendus</strong></span> <span class='ocrx_word' id='word_1_247' title='bbox 892 2826 936 2876; x_wconf 90' lang='lat' dir='ltr'><strong>est</strong></span> <span class='ocrx_word' id='word_1_248' title='bbox 951 2820 1091 2875; x_wconf 84' lang='lat' dir='ltr'><strong>Marianus</strong></span> <span class='ocrx_word' id='word_1_249' title='bbox 1109 2820 1196 2886; x_wconf 86' lang='lat' dir='ltr'><strong>loeus,</strong></span> <span class='ocrx_word' id='word_1_250' title='bbox 1214 2818 1263 2886; x_wconf 88' lang='lat' dir='ltr'><strong>qui</strong></span> <span class='ocrx_word' id='word_1_251' title='bbox 1281 2821 1374 2872; x_wconf 88' lang='lat' dir='ltr'><strong>exstat</strong></span> 
     </span>
     <span class='ocr_line' id='line_1_28' title="bbox 276 2903 1373 2976; baseline -0.002 -17"><span class='ocrx_word' id='word_1_252' title='bbox 276 2906 305 2960; x_wconf 86' lang='lat' dir='ltr'><strong>iu</strong></span> <span class='ocrx_word' id='word_1_253' title='bbox 322 2906 371 2960; x_wconf 83' lang='lat' dir='ltr'><strong>rit.</strong></span> <span class='ocrx_word' id='word_1_254' title='bbox 384 2905 448 2961; x_wconf 84' lang='lat' dir='ltr'><strong>Did.</strong></span> <span class='ocrx_word' id='word_1_255' title='bbox 467 2905 523 2961; x_wconf 79' lang='lat' dir='ltr'><strong>dul.</strong></span> <span class='ocrx_word' id='word_1_256' title='bbox 537 2905 571 2972; x_wconf 92' lang='lat' dir='ltr'><strong>V,</strong></span> <span class='ocrx_word' id='word_1_257' title='bbox 589 2907 620 2960; x_wconf 88' lang='lat'><strong>8:</strong></span> <span class='ocrx_word' id='word_1_258' title='bbox 641 2906 757 2972; x_wconf 89' lang='lat' dir='ltr'><strong>,missus</strong></span> <span class='ocrx_word' id='word_1_259' title='bbox 776 2912 820 2962; x_wconf 90' lang='lat' dir='ltr'><strong>est</strong></span> <span class='ocrx_word' id='word_1_260' title='bbox 835 2912 983 2976; x_wconf 87' lang='lat' dir='ltr'><strong>praeterea</strong></span> <span class='ocrx_word' id='word_1_261' title='bbox 1000 2907 1130 2975; x_wconf 87' lang='lat' dir='ltr'><strong>Aquilius</strong></span> <span class='ocrx_word' id='word_1_262' title='bbox 1149 2903 1274 2961; x_wconf 82' lang='lat' dir='ltr'><strong>centurio</strong></span> <span class='ocrx_word' id='word_1_263' title='bbox 1292 2909 1373 2958; x_wconf 79' lang='lat' dir='ltr'><strong>sotus</strong></span> 
     </span>
     <span class='ocr_line' id='line_1_29' title="bbox 278 2990 1374 3061; baseline -0.004 -13"><span class='ocrx_word' id='word_1_264' title='bbox 278 2992 406 3048; x_wconf 57' lang='lat' dir='ltr'><strong>crabbus</strong></span> <span class='ocrx_word' id='word_1_265' title='bbox 423 2993 569 3046; x_wconf 68' lang='lat' dir='ltr'><strong>scammis</strong></span> <span class='ocrx_word' id='word_1_266' title='bbox 588 2993 644 3061; x_wconf 51' lang='lat' dir='ltr'><strong>qui¹</strong></span> <span class='ocrx_word' id='word_1_267' title='bbox 654 2992 787 3048; x_wconf 83' lang='lat' dir='ltr'><strong>Severum</strong></span> <span class='ocrx_word' id='word_1_268' title='bbox 805 2990 970 3048; x_wconf 84' lang='lat' dir='ltr'><strong>occideret.“</strong></span> <span class='ocrx_word' id='word_1_269' title='bbox 990 2993 1079 3058; x_wconf 80' lang='lat' dir='ltr'><strong>Quam</strong></span> <span class='ocrx_word' id='word_1_270' title='bbox 1096 3009 1151 3049; x_wconf 88' lang='lat' dir='ltr'><strong>non</strong></span> <span class='ocrx_word' id='word_1_271' title='bbox 1159 2991 1303 3047; x_wconf 82' lang='lat' dir='ltr'><strong>fortuitam</strong></span> <span class='ocrx_word' id='word_1_272' title='bbox 1312 3004 1374 3046; x_wconf 87' lang='lat' dir='ltr'><strong>esse</strong></span> 
     </span>
     <span class='ocr_line' id='line_1_30' title="bbox 278 3077 1373 3148; baseline -0.003 -14"><span class='ocrx_word' id='word_1_273' title='bbox 278 3080 485 3135; x_wconf 86' lang='lat' dir='ltr'><strong>consensionem</strong></span> <span class='ocrx_word' id='word_1_274' title='bbox 503 3079 639 3148; x_wconf 88' lang='lat' dir='ltr'><strong>probatur</strong></span> <span class='ocrx_word' id='word_1_275' title='bbox 655 3079 716 3134; x_wconf 75' lang='lat' dir='ltr'><strong>slis</strong></span> <span class='ocrx_word' id='word_1_276' title='bbox 734 3080 803 3135; x_wconf 88' lang='lat' dir='ltr'><strong>iocis</strong></span> <span class='ocrx_word' id='word_1_277' title='bbox 821 3080 950 3136; x_wconf 87' lang='lat' dir='ltr'><strong>adscitis:</strong></span> <span class='ocrx_word' id='word_1_278' title='bbox 975 3097 990 3136; x_wconf 96' lang='lat' dir='ltr'><strong>e</strong></span> <span class='ocrx_word' id='word_1_279' title='bbox 1008 3080 1057 3134; x_wconf 89' lang='lat' dir='ltr'><strong>vit.</strong></span> <span class='ocrx_word' id='word_1_280' title='bbox 1075 3081 1190 3135; x_wconf 87' lang='lat' dir='ltr'><strong>Pescen.</strong></span> <span class='ocrx_word' id='word_1_281' title='bbox 1209 3078 1272 3146; x_wconf 82' lang='lat' dir='ltr'><strong>Nig.</strong></span> <span class='ocrx_word' id='word_1_282' title='bbox 1290 3077 1332 3146; x_wconf 90' lang='grc' dir='ltr'><strong>Π,</strong></span> <span class='ocrx_word' id='word_1_283' title='bbox 1357 3079 1373 3131; x_wconf 86' lang='grc'>6</span> 
     </span>
     <span class='ocr_line' id='line_1_31' title="bbox 280 3166 1373 3235; baseline -0.001 -15"><span class='ocrx_word' id='word_1_284' title='bbox 280 3167 437 3235; x_wconf 83' lang='lat' dir='ltr'><strong>,Aquilium</strong></span> <span class='ocrx_word' id='word_1_285' title='bbox 456 3167 645 3222; x_wconf 85' lang='lat' dir='ltr'><strong>centurionem</strong></span> <span class='ocrx_word' id='word_1_286' title='bbox 668 3173 762 3222; x_wconf 73' lang='lat' dir='ltr'><strong>boten</strong></span> <span class='ocrx_word' id='word_1_287' title='bbox 779 3168 906 3222; x_wconf 71' lang='lat' dir='ltr'><strong>cordibae</strong></span> <span class='ocrx_word' id='word_1_288' title='bbox 925 3169 1024 3222; x_wconf 80' lang='lat' dir='ltr'><strong>ducam</strong></span> <span class='ocrx_word' id='word_1_289' title='bbox 1046 3167 1175 3234; x_wconf 78' lang='lat' dir='ltr'><strong>miserat3</strong></span> <span class='ocrx_word' id='word_1_290' title='bbox 1199 3171 1228 3221; x_wconf 89' lang='lat' dir='ltr'><strong>et</strong></span> <span class='ocrx_word' id='word_1_291' title='bbox 1250 3181 1286 3221; x_wconf 88' lang='lat' dir='ltr'><strong>ex</strong></span> <span class='ocrx_word' id='word_1_292' title='bbox 1310 3166 1373 3234; x_wconf 91' lang='lat' dir='ltr'><strong>ipsa</strong></span> 
     </span>
     <span class='ocr_line' id='line_1_32' title="bbox 279 3252 1374 3323; baseline -0.002 -15"><span class='ocrx_word' id='word_1_293' title='bbox 279 3254 332 3308; x_wconf 88' lang='lat' dir='ltr'><strong>hac</strong></span> <span class='ocrx_word' id='word_1_294' title='bbox 359 3254 420 3310; x_wconf 83' lang='lat' dir='ltr'><strong>Seu.</strong></span> <span class='ocrx_word' id='word_1_295' title='bbox 439 3255 488 3308; x_wconf 89' lang='lat' dir='ltr'><strong>vit.</strong></span> <span class='ocrx_word' id='word_1_296' title='bbox 507 3255 576 3322; x_wconf 85' lang='lat' dir='ltr'>Vll,</span> <span class='ocrx_word' id='word_1_297' title='bbox 601 3253 619 3308; x_wconf 89' lang='grc'>4</span> <span class='ocrx_word' id='word_1_298' title='bbox 644 3255 688 3323; x_wconf 87' lang='lat' dir='ltr'><strong>„in</strong></span> <span class='ocrx_word' id='word_1_299' title='bbox 712 3254 789 3309; x_wconf 82' lang='lat' dir='ltr'><strong>cruia</strong></span> <span class='ocrx_word' id='word_1_300' title='bbox 812 3254 936 3310; x_wconf 90' lang='lat' dir='ltr'><strong>reddidit</strong></span> <span class='ocrx_word' id='word_1_301' title='bbox 960 3255 1095 3309; x_wconf 84' lang='lat' dir='ltr'><strong>rationem</strong></span> <span class='ocrx_word' id='word_1_302' title='bbox 1118 3253 1242 3322; x_wconf 89' lang='lat' dir='ltr'><strong>suscepti</strong></span> <span class='ocrx_word' id='word_1_303' title='bbox 1265 3252 1374 3321; x_wconf 90' lang='lat' dir='ltr'><strong>imperii</strong></span> 
     </span>
     <span class='ocr_line' id='line_1_33' title="bbox 279 3341 1372 3410; baseline -0.001 -16"><span class='ocrx_word' id='word_1_304' title='bbox 279 3346 467 3410; x_wconf 79' lang='lat' dir='ltr'><strong>causatusque</strong></span> <span class='ocrx_word' id='word_1_305' title='bbox 485 3347 536 3409; x_wconf 87' lang='lat' dir='ltr'><strong>est,</strong></span> <span class='ocrx_word' id='word_1_306' title='bbox 547 3342 631 3410; x_wconf 90' lang='lat' dir='ltr'><strong>quod</strong></span> <span class='ocrx_word' id='word_1_307' title='bbox 649 3343 686 3395; x_wconf 79' lang='lat' dir='ltr'><strong>ad</strong></span> <span class='ocrx_word' id='word_1_308' title='bbox 703 3358 731 3395; x_wconf 83' lang='lat' dir='ltr'><strong>ee</strong></span> <span class='ocrx_word' id='word_1_309' title='bbox 749 3342 923 3395; x_wconf 60' lang='lat' dir='ltr'><strong>condendam</strong></span> <span class='ocrx_word' id='word_1_310' title='bbox 935 3341 1063 3396; x_wconf 76' lang='lat' dir='ltr'><strong>dubanus</strong></span> <span class='ocrx_word' id='word_1_311' title='bbox 1082 3349 1160 3396; x_wconf 81' lang='lat' dir='ltr'><strong>notos</strong></span> <span class='ocrx_word' id='word_1_312' title='bbox 1175 3343 1273 3395; x_wconf 79' lang='lat' dir='ltr'><strong>dacem</strong></span> <span class='ocrx_word' id='word_1_313' title='bbox 1285 3341 1372 3394; x_wconf 81' lang='lat' dir='ltr'><strong>caedi·</strong></span> 
     </span>
     <span class='ocr_line' id='line_1_34' title="bbox 278 3425 1370 3496; baseline 0 -15"><span class='ocrx_word' id='word_1_314' title='bbox 278 3428 327 3481; x_wconf 79' lang='lat' dir='ltr'><strong>boe</strong></span> <span class='ocrx_word' id='word_1_315' title='bbox 344 3425 490 3496; x_wconf 84' lang='lat' dir='ltr'><strong>misisset“,</strong></span> <span class='ocrx_word' id='word_1_316' title='bbox 508 3428 582 3484; x_wconf 90' lang='lat' dir='ltr'><strong>unde</strong></span> <span class='ocrx_word' id='word_1_317' title='bbox 606 3428 687 3484; x_wconf 65' lang='lat' dir='ltr'><strong>amul</strong></span> <span class='ocrx_word' id='word_1_318' title='bbox 710 3433 829 3496; x_wconf 89' lang='lat' dir='ltr'><strong>apparet</strong></span> <span class='ocrx_word' id='word_1_319' title='bbox 853 3443 875 3482; x_wconf 90' lang='lat' dir='ltr'><strong>c.</strong></span> <span class='ocrx_word' id='word_1_320' title='bbox 895 3428 950 3483; x_wconf 89' lang='lat' dir='ltr'><strong>VH</strong></span> <span class='ocrx_word' id='word_1_321' title='bbox 968 3443 1003 3482; x_wconf 89' lang='lat' dir='ltr'><strong>ex</strong></span> <span class='ocrx_word' id='word_1_322' title='bbox 1028 3429 1125 3482; x_wconf 88' lang='lat' dir='ltr'><strong>eodem</strong></span> <span class='ocrx_word' id='word_1_323' title='bbox 1148 3426 1226 3483; x_wconf 79' lang='lat' dir='ltr'><strong>fonte</strong></span> <span class='ocrx_word' id='word_1_324' title='bbox 1249 3427 1370 3482; x_wconf 88' lang='lat' dir='ltr'><strong>fluxisse.</strong></span> 
     </span>
     <span class='ocr_line' id='line_1_35' title="bbox 278 3513 1371 3584; baseline 0 -16"><span class='ocrx_word' id='word_1_325' title='bbox 278 3515 367 3568; x_wconf 87' lang='lat' dir='ltr'><strong>Porro</strong></span> <span class='ocrx_word' id='word_1_326' title='bbox 384 3515 420 3569; x_wconf 86' lang='lat' dir='ltr'><strong>ad</strong></span> <span class='ocrx_word' id='word_1_327' title='bbox 432 3516 467 3582; x_wconf 95' lang='lat' dir='ltr'><strong>V,</strong></span> <span class='ocrx_word' id='word_1_328' title='bbox 485 3514 504 3568; x_wconf 80' lang='lat'>4</span> <span class='ocrx_word' id='word_1_329' title='bbox 522 3515 730 3584; x_wconf 83' lang='lat' dir='ltr'><strong>„excipiebatur</strong></span> <span class='ocrx_word' id='word_1_330' title='bbox 748 3514 820 3570; x_wconf 87' lang='lat' dir='ltr'><strong>enim</strong></span> <span class='ocrx_word' id='word_1_331' title='bbox 837 3514 874 3570; x_wconf 89' lang='lat' dir='ltr'><strong>ab</strong></span> <span class='ocrx_word' id='word_1_332' title='bbox 886 3515 1013 3570; x_wconf 89' lang='lat' dir='ltr'><strong>omnibus</strong></span> <span class='ocrx_word' id='word_1_333' title='bbox 1025 3515 1105 3584; x_wconf 83' lang='lat' dir='ltr'><strong>qussi</strong></span> <span class='ocrx_word' id='word_1_334' title='bbox 1117 3515 1191 3569; x_wconf 91' lang='lat' dir='ltr'><strong>ultor</strong></span> <span class='ocrx_word' id='word_1_335' title='bbox 1203 3513 1371 3569; x_wconf 63' lang='lat' dir='ltr'><strong>Pertinacis</strong></span> 
     </span>
     <span class='ocr_line' id='line_1_36' title="bbox 279 3600 1373 3670; baseline 0.001 -15"><span class='ocrx_word' id='word_1_336' title='bbox 279 3602 463 3670; x_wconf 85' lang='lat' dir='ltr'><strong>respondent,</strong></span> <span class='ocrx_word' id='word_1_337' title='bbox 482 3618 554 3670; x_wconf 88' lang='lat' dir='ltr'><strong>quae</strong></span> <span class='ocrx_word' id='word_1_338' title='bbox 573 3602 635 3670; x_wconf 89' lang='lat' dir='ltr'><strong>VH,</strong></span> <span class='ocrx_word' id='word_1_339' title='bbox 659 3604 676 3656; x_wconf 88' lang='lat'><strong>6</strong></span> <span class='ocrx_word' id='word_1_340' title='bbox 700 3600 787 3657; x_wconf 89' lang='lat' dir='ltr'><strong>habes</strong></span> <span class='ocrx_word' id='word_1_341' title='bbox 807 3601 905 3670; x_wconf 78' lang='lat' dir='ltr'><strong>,fisum</strong></span> <span class='ocrx_word' id='word_1_342' title='bbox 923 3602 1023 3657; x_wconf 88' lang='lat' dir='ltr'><strong>deinde</strong></span> <span class='ocrx_word' id='word_1_343' title='bbox 1048 3602 1202 3658; x_wconf 88' lang='lat' dir='ltr'><strong>censorium</strong></span> <span class='ocrx_word' id='word_1_344' title='bbox 1220 3601 1373 3656; x_wconf 87' lang='lat' dir='ltr'><strong>Pertinacis</strong></span> 
     </span>
     <span class='ocr_line' id='line_1_37' title="bbox 278 3686 1410 3758; baseline -0.001 -16"><span class='ocrx_word' id='word_1_345' title='bbox 278 3688 392 3756; x_wconf 83' lang='lat' dir='ltr'><strong>imagini</strong></span> <span class='ocrx_word' id='word_1_346' title='bbox 410 3689 491 3743; x_wconf 83' lang='lat' dir='ltr'><strong>duxit</strong></span> <span class='ocrx_word' id='word_1_347' title='bbox 503 3695 564 3757; x_wconf 78' lang='lat' dir='ltr'><strong>etc,</strong></span> <span class='ocrx_word' id='word_1_348' title='bbox 583 3705 613 3745; x_wconf 92' lang='lat' dir='ltr'><strong>se</strong></span> <span class='ocrx_word' id='word_1_349' title='bbox 632 3705 744 3758; x_wconf 91' lang='lat' dir='ltr'><strong>quoque</strong></span> <span class='ocrx_word' id='word_1_350' title='bbox 755 3689 930 3744; x_wconf 89' lang='lat' dir='ltr'><strong>Pertinacem</strong></span> <span class='ocrx_word' id='word_1_351' title='bbox 942 3690 1038 3744; x_wconf 89' lang='lat' dir='ltr'><strong>vocari</strong></span> <span class='ocrx_word' id='word_1_352' title='bbox 1055 3686 1163 3745; x_wconf 79' lang='lat' dir='ltr'><strong>inssit“.</strong></span> <span class='ocrx_word' id='word_1_353' title='bbox 1182 3688 1373 3743; x_wconf 83' lang='lat' dir='ltr'><strong>Gumomnino</strong></span> <span class='ocrx_word' id='word_1_354' title='bbox 1405 3708 1410 3722; x_wconf 87' lang='lat'><strong>·</strong></span> 
     </span>
     <span class='ocr_line' id='line_1_38' title="bbox 278 3773 1373 3845; baseline -0.001 -16"><span class='ocrx_word' id='word_1_355' title='bbox 278 3774 343 3830; x_wconf 92' lang='lat' dir='ltr'><strong>inde</strong></span> <span class='ocrx_word' id='word_1_356' title='bbox 361 3790 378 3829; x_wconf 89' lang='lat' dir='ltr'><strong>a</strong></span> <span class='ocrx_word' id='word_1_357' title='bbox 396 3791 419 3830; x_wconf 95' lang='lat' dir='ltr'><strong>c.</strong></span> <span class='ocrx_word' id='word_1_358' title='bbox 438 3776 494 3830; x_wconf 89' lang='lat' dir='ltr'><strong>Vli</strong></span> <span class='ocrx_word' id='word_1_359' title='bbox 511 3777 634 3836; x_wconf 89' lang='lat' dir='ltr'><strong>narratio</strong></span> <span class='ocrx_word' id='word_1_360' title='bbox 659 3776 763 3845; x_wconf 89' lang='lat' dir='ltr'><strong>optime</strong></span> <span class='ocrx_word' id='word_1_361' title='bbox 787 3776 924 3845; x_wconf 87' lang='lat' dir='ltr'><strong>procedat</strong></span> <span class='ocrx_word' id='word_1_362' title='bbox 947 3792 1036 3844; x_wconf 86' lang='lat' dir='ltr'><strong>usque</strong></span> <span class='ocrx_word' id='word_1_363' title='bbox 1054 3777 1091 3830; x_wconf 87' lang='lat' dir='ltr'><strong>ad</strong></span> <span class='ocrx_word' id='word_1_364' title='bbox 1116 3773 1197 3830; x_wconf 87' lang='lat' dir='ltr'><strong>finem</strong></span> <span class='ocrx_word' id='word_1_365' title='bbox 1216 3790 1239 3828; x_wconf 88' lang='lat' dir='ltr'><strong>c.</strong></span> <span class='ocrx_word' id='word_1_366' title='bbox 1257 3773 1318 3840; x_wconf 64' lang='lat' dir='ltr'><strong>lx}</strong></span> <span class='ocrx_word' id='word_1_367' title='bbox 1345 3780 1373 3829; x_wconf 89' lang='lat' dir='ltr'><strong>et</strong></span> 
     </span>
     <span class='ocr_line' id='line_1_39' title="bbox 279 3861 1257 3932; baseline 0.001 -16"><span class='ocrx_word' id='word_1_368' title='bbox 279 3875 402 3918; x_wconf 86' lang='lat' dir='ltr'><strong>conexus</strong></span> <span class='ocrx_word' id='word_1_369' title='bbox 421 3863 544 3932; x_wconf 87' lang='lat' dir='ltr'><strong>capitum</strong></span> <span class='ocrx_word' id='word_1_370' title='bbox 561 3864 646 3930; x_wconf 71' lang='lat' dir='ltr'><strong>Villi,</strong></span> <span class='ocrx_word' id='word_1_371' title='bbox 674 3869 703 3919; x_wconf 90' lang='lat' dir='ltr'><strong>et</strong></span> <span class='ocrx_word' id='word_1_372' title='bbox 719 3863 777 3929; x_wconf 69' lang='lat' dir='ltr'><strong>IX!</strong></span> <span class='ocrx_word' id='word_1_373' title='bbox 807 3863 890 3918; x_wconf 90' lang='lat' dir='ltr'><strong>etiarn</strong></span> <span class='ocrx_word' id='word_1_374' title='bbox 908 3878 923 3918; x_wconf 89' lang='lat' dir='ltr'><strong>e</strong></span> <span class='ocrx_word' id='word_1_375' title='bbox 942 3863 1110 3932; x_wconf 88' lang='lat' dir='ltr'><strong>comparatis</strong></span> <span class='ocrx_word' id='word_1_376' title='bbox 1127 3862 1171 3917; x_wconf 91' lang='lat' dir='ltr'><strong>his</strong></span> <span class='ocrx_word' id='word_1_377' title='bbox 1189 3861 1257 3917; x_wconf 83' lang='lat' dir='ltr'><strong>iocis</strong></span> 
     </span>
    </p>

    <p class='ocr_par' dir='ltr' id='par_1_5' title="bbox 280 3948 1372 4194">
     <span class='ocr_line' id='line_1_40' title="bbox 314 3948 1372 4020; baseline 0 -16"><span class='ocrx_word' id='word_1_378' title='bbox 314 3949 563 4020; x_wconf 76' lang='lat' dir='ltr'><strong>Vss1,11,Nigri</strong></span> <span class='ocrx_word' id='word_1_379' title='bbox 587 3951 689 4008; x_wconf 87' lang='lat' dir='ltr'><strong>liberos</strong></span> <span class='ocrx_word' id='word_1_380' title='bbox 713 3953 799 4007; x_wconf 86' lang='lat' dir='ltr'><strong>adse</strong></span> <span class='ocrx_word' id='word_1_381' title='bbox 885 3951 941 4018; x_wconf 89' lang='lat' dir='ltr'><strong>IX,</strong></span> <span class='ocrx_word' id='word_1_382' title='bbox 965 3952 982 4004; x_wconf 80' lang='lat'><strong>2</strong></span> <span class='ocrx_word' id='word_1_383' title='bbox 1009 3949 1096 4018; x_wconf 85' lang='lat' dir='ltr'><strong>,filios</strong></span> <span class='ocrx_word' id='word_1_384' title='bbox 1114 3948 1198 4018; x_wconf 81' lang='lat' dir='ltr'><strong>Nigri.</strong></span> <span class='ocrx_word' id='word_1_385' title='bbox 1221 3955 1287 4019; x_wconf 88' lang='lat' dir='ltr'><strong>post</strong></span> <span class='ocrx_word' id='word_1_386' title='bbox 1310 3949 1372 4016; x_wconf 90' lang='lat' dir='ltr'><strong>hoc,</strong></span> 
     </span>
     <span class='ocr_line' id='line_1_41' title="bbox 280 4036 1371 4106; baseline 0.002 -16"><span class='ocrx_word' id='word_1_387' title='bbox 280 4036 418 4092; x_wconf 87' lang='lat' dir='ltr'><strong>adductos</strong></span> <span class='ocrx_word' id='word_1_388' title='bbox 444 4038 472 4092; x_wconf 91' lang='lat' dir='ltr'><strong>in</strong></span> <span class='ocrx_word' id='word_1_389' title='bbox 499 4055 533 4094; x_wconf 90' lang='lat' dir='ltr'><strong>eo</strong></span> <span class='ocrx_word' id='word_1_390' title='bbox 562 4037 661 4094; x_wconf 89' lang='lat' dir='ltr'><strong>habuit</strong></span> <span class='ocrx_word' id='word_1_391' title='bbox 690 4038 795 4094; x_wconf 89' lang='lat' dir='ltr'><strong>honore</strong></span> <span class='ocrx_word' id='word_1_392' title='bbox 848 4055 918 4106; x_wconf 91' lang='lat' dir='ltr'><strong>quos</strong></span> <span class='ocrx_word' id='word_1_393' title='bbox 936 4037 1088 4095; x_wconf 83' lang='lat' dir='ltr'><strong>liberorum</strong></span> <span class='ocrx_word' id='word_1_394' title='bbox 1104 4053 1218 4098; x_wconf 78' lang='lat' dir='ltr'><strong>urorum</strong></span> <span class='ocrx_word' id='word_1_395' title='bbox 1236 4039 1316 4093; x_wconf 83' lang='lat' dir='ltr'><strong>cultu</strong></span> <span class='ocrx_word' id='word_1_396' title='bbox 1325 4037 1371 4092; x_wconf 87' lang='lat' dir='ltr'><strong>hs·</strong></span> 
     </span>
     <span class='ocr_line' id='line_1_42' title="bbox 280 4121 1372 4194; baseline 0.003 -17"><span class='ocrx_word' id='word_1_397' title='bbox 280 4138 335 4191; x_wconf 92' lang='lat' dir='ltr'><strong>quo</strong></span> <span class='ocrx_word' id='word_1_398' title='bbox 354 4121 436 4179; x_wconf 81' lang='lat' dir='ltr'><strong>suos“</strong></span> <span class='ocrx_word' id='word_1_399' title='bbox 843 4124 951 4194; x_wconf 83' lang='lat' dir='ltr'><strong>haeret,</strong></span> <span class='ocrx_word' id='word_1_400' title='bbox 958 4124 1103 4180; x_wconf 85' lang='lat' dir='ltr'><strong>inexilium</strong></span> <span class='ocrx_word' id='word_1_401' title='bbox 1111 4139 1172 4178; x_wconf 90' lang='lat' dir='ltr'><strong>eum</strong></span> <span class='ocrx_word' id='word_1_402' title='bbox 1179 4121 1372 4192; x_wconf 84' lang='lat' dir='ltr'><strong>matremisit“,</strong></span> 
     </span>
    </p>
   </div>
   <div class='ocr_carea' id='block_1_3' title="bbox 350 4294 781 4351">
    <p class='ocr_par' dir='ltr' id='par_1_6' title="bbox 350 4294 781 4351">
     <span class='ocr_line' id='line_1_43' title="bbox 350 4294 781 4351; baseline 0.005 -15"><span class='ocrx_word' id='word_1_403' title='bbox 350 4294 369 4348; x_wconf 78' lang='lat'><strong>1)</strong></span> <span class='ocrx_word' id='word_1_404' title='bbox 383 4297 502 4348; x_wconf 84' lang='lat' dir='ltr'><strong>Hoefnerp.</strong></span> <span class='ocrx_word' id='word_1_405' title='bbox 518 4300 548 4340; x_wconf 83' lang='lat'><strong>1³.</strong></span> <span class='ocrx_word' id='word_1_406' title='bbox 577 4295 597 4351; x_wconf 60' lang='grc' dir='ltr'><strong>ἱ)</strong></span> <span class='ocrx_word' id='word_1_407' title='bbox 610 4299 700 4340; x_wconf 84' lang='lat' dir='ltr'><strong>Ruebei.</strong></span> <span class='ocrx_word' id='word_1_408' title='bbox 715 4309 735 4348; x_wconf 87' lang='lat' dir='ltr'><strong>p.</strong></span> <span class='ocrx_word' id='word_1_409' title='bbox 749 4301 781 4339; x_wconf 75' lang='grc'><strong>49.</strong></span> 
     </span>
    </p>
   </div>
   <div class='ocr_carea' id='block_1_4' title="bbox 0 0 1565 4882">
    <p class='ocr_par' dir='ltr' id='par_1_7' title="bbox 0 0 1565 4882">
     <span class='ocr_line' id='line_1_44' title="bbox 0 0 1565 4882; baseline 0 0"><span class='ocrx_word' id='word_1_410' title='bbox 0 0 1565 4882; x_wconf 95' lang='lat' dir='ltr'><strong> </strong></span> 
     </span>
    </p>
   </div>
  </div>
 </body>
</html>
