3118 4882
711 459 732 526 3

177 650 388 708 succederent“.
422 651 494 717 Quid
513 651 589 721 quod
606 652 634 706 in
652 652 700 707 vit.
719 651 783 708 Alb.
801 651 894 719 111‚4
912 650 1083 721 capitolinus
1101 651 1174 707 idem
1191 652 1274 706 simil-

177 741 248 796 limis
267 738 361 794 verbis
378 739 545 794 auctoritate
557 738 636 792 Marii
648 738 759 794 Maximi
778 738 858 793 nixus
871 743 965 792 narrat
979 753 1045 805 ,nec
1056 739 1153 807 negari
1171 745 1273 807 potest,

178 827 255 896 quod
273 826 358 880 etiam
370 826 408 880 M
409 827 510 879 ortua
526 825 701 878 Maximae
714 824 790 891 dicit,
809 823 881 879 hunc
900 824 1019 878 animum
1037 824 1139 880 Severo
1158 825 1275 893 primurn

177 912 278 980 fuisse,
303 919 335 968 ut
358 912 382 968 si
401 912 468 981 quid
487 911 512 966 ei
538 911 724 980 contingeret,
748 911 944 966 Prescennium
963 910 1079 979 Nigrum
1102 918 1131 966 et
1149 911 1275 967 Clodium

177 999 309 1055 Albinum
321 999 374 1054 sibi
386 997 576 1066 substitueret,
594 998 646 1053 sed
664 1001 763 1066 postea
782 1003 811 1052 et
829 996 891 1053 liliis
910 999 963 1052 iam
982 997 1139 1054 maiusculis
1157 998 1274 1054 studens

177 1092 207 1140 et
222 1086 317 1141 Albini
334 1086 421 1141 amori
438 1086 565 1145 invidens
583 1085 747 1140 sententiam
764 1085 894 1139 mutasse'
914 1090 981 1152 etc,
1001 1099 1071 1152 quae
1090 1083 1177 1153 ipsius
1196 1084 1275 1139 Marii

178 1172 290 1227 Maximi
308 1173 394 1228 verba
411 1189 473 1228 esse
492 1189 527 1227 ex
546 1187 579 1226 eo
598 1171 719 1239 conicio,
742 1171 817 1239 quod
836 1170 1013 1238 compilator,
1038 1185 1093 1238 qua
1110 1169 1163 1224 fnit
1181 1170 1274 1239 neglc-

178 1259 281 1328 gentia,
299 1259 451 1314 orationem
463 1265 568 1314 rectam
585 1264 614 1316 et
625 1257 773 1327 obliquam,
786 1273 868 1327 quam
881 1257 967 1326 aiunt,
985 1257 1108 1312 miscuit:
1128 1257 1274 1324 ,Albinum

180 1373 213 1382 -
225 1345 340 1400 studens
353 1374 387 1382 -
398 1345 525 1401 invidens
539 1373 572 1382 -·
581 1343 729 1400 mutasse.“
750 1344 831 1409 Quod
844 1360 911 1399 vero
924 1343 1118 1413 gravissimum
1130 1349 1181 1411 est,
1195 1343 1275 1412 Capi-

179 1432 281 1486 tolinus
300 1447 362 1486 cum
380 1432 477 1487 scribit
491 1431 583 1500 ,quod
598 1433 702 1486 ettam
714 1431 817 1485 Marius
830 1430 965 1485 Maximus
978 1428 1071 1498 dicit“,
1090 1430 1276 1485 testimonium

179 1517 261 1573 huius
280 1518 425 1588 scriptoris
438 1518 510 1574 adeo
523 1518 612 1585 effert,
630 1507 776 1587 nt'pateat
794 1517 889 1572 Severi
907 1517 1029 1571 libellum
1047 1517 1073 1571 ei
1091 1533 1145 1571 uon
1163 1522 1276 1585 praesto

179 1604 280 1672 fuisse,
305 1621 381 1672 curn,
405 1605 436 1658 id
459 1603 484 1658 si
508 1602 620 1671 firisset,
644 1603 703 1658 sine
721 1601 807 1657 dubio
826 1603 959 1658 Severum
976 1602 1069 1672 potius
1087 1602 1178 1672 ipsum
1196 1618 1278 1672 quarn

180 1691 297 1746 Marium
315 1690 463 1745 Maximum
481 1694 581 1745 testem
599 1689 780 1746 adhibuisset.
814 1690 923 1744 Minime
941 1690 969 1744 iu
987 1705 1020 1745 eo
1039 1689 1208 1745 haerendum
1226 1696 1277 1753 est,

180 1777 270 1845 quod,
295 1775 319 1831 si
338 1776 449 1832 codices
467 1776 644 1846 respicimus,
663 1776 807 1832 Pescennii
825 1777 885 1831 vita
902 1776 983 1831 Aelio
1002 1776 1164 1846 spartiano,
1189 1776 1278 1831 Clodii

182 1861 275 1917 Albini
293 1868 386 1918 autem
404 1863 480 1918 Julio
498 1863 655 1933 Capitolino
674 1862 805 1932 debetur,
832 1878 893 1917 cum
911 1862 1029 1932 primurn
1047 1878 1081 1916 ea
1099 1863 1226 1930 quaestio
1245 1879 1279 1918 ne

185 1948 323 2018 dirempta
341 1949 453 2018 quidem
471 1949 515 2017 sit,
534 1949 635 2004 deinde
653 1965 736 2004 ovum
754 1965 809 2004 ovo
828 1965 882 2004 non
900 1949 937 2004 sit
954 1948 1068 2006 similius
1088 1965 1184 2018 quarn,
1203 1950 1279 2018 quod

183 2036 220 2091 ad
237 2035 379 2104 pigritiam
394 2036 501 2104 attinet,
520 2036 611 2092 Julius
625 2035 797 2106 Capitolinus
810 2036 891 2090 Aelio
905 2035 1060 2105 spartiano.
1079 2035 1167 2090 Nemo
1185 2036 1279 2104 igitur,
1336 2044 1343 2058 ¹

183 2121 295 2191 opinor,
319 2119 484 2191 gravabitur
509 2123 662 2178 concedere
686 2138 777 2191 neque
796 2122 930 2178 Severum
947 2137 1037 2191 neque
1055 2123 1226 2178 Hadrianum
1244 2121 1280 2177 ab

185 2209 267 2264 Aelio
289 2214 453 2278 usurpatum
478 2225 553 2277 esse,
576 2209 629 2264 scd
651 2209 800 2278 utrobique
818 2209 934 2264 Marium
951 2208 1099 2264 Maximum
1122 2209 1281 2286 primarium

185 2293 290 2350 fontem
307 2293 402 2362 fuisse,
420 2311 503 2364 quern
520 2295 628 2350 illorum
645 2295 801 2364 principum
820 2295 926 2351 libellos
944 2296 1055 2363 adiisse,
1074 2301 1105 2351 ut
1117 2295 1169 2350 fuit
1181 2311 1282 2364 magna

184 2381 329 2450 diligentia
346 2387 432 2449 atque
450 2380 603 2448 vigilantia,
622 2396 673 2448 pcr
691 2397 722 2436 se
740 2382 888 2437 verisimile
906 2388 957 2438 cst.

254 2467 315 2522 Una
332 2472 440 2523 tantum
458 2484 482 2522 c.
495 2468 537 2521 ΙΙΙΙ
559 2471 574 2530 5
592 2468 609 2522 9
627 2467 812 2537 suspicionem
830 2462 895 2524 mihi
913 2469 1004 2537 inicit,
1022 2485 1078 2524 non
1095 2485 1150 2539 quo
1168 2469 1282 2539 Apollo-

185 2555 248 2609 nius
268 2554 354 2622 Syrus
373 2554 531 2610 Platonicus
550 2553 588 2609 ibi
606 2555 761 2612 nominatus
779 2571 822 2611 me
840 2563 965 2624 moveat,
984 2557 1034 2612 sed
1053 2557 1118 2626 quia
1136 2556 1218 2610 alicui
1235 2557 1283 2610 ali·

189 2639 256 2709 quid
274 2639 318 2695 hic
336 2641 482 2711 irrepsisse
500 2642 618 2698 videtur.
637 2642 758 2697 Primum
774 2643 846 2698 enim
858 2645 1008 2712 oraculum,
1027 2644 1102 2714 qnod
1114 2646 1129 2706 ἓ
1141 2644 1159 2698 8
1170 2643 1283 2697 allatum

186 2734 238 2795 est,
256 2732 367 2797 spectat
384 2728 421 2782 ad
439 2727 586 2783 discidium
598 2729 746 2784 Traianum
765 2729 835 2784 inter
847 2735 876 2784 et
887 2730 1058 2785 Hadrianum
1070 2729 1206 2796 obortum,
1225 2745 1281 2798 quo

185 2815 318 2870 sollicitos
336 2814 382 2870 hie
400 2815 595 2884 eVergilianis
613 2814 735 2871 sortibus
754 2817 896 2873 consilium
913 2817 995 2886 petiit
1013 2833 1102 2886 eaque
1120 2817 1180 2871 sola
1192 2817 1279 2870 Mario

184 2901 303 2956 Maximo
320 2900 373 2957 fuit
391 2918 476 2958 causa
494 2903 553 2958 eius
572 2903 714 2958 afferendi.
733 2903 811 2959 Idem
828 2921 884 2958 non
901 2905 977 2960 eadit
994 2905 1022 2959 in
1040 2904 1075 2971 11,
1094 2904 1119 2960 9.
1147 2904 1278 2971 Augetur

183 2987 306 3057 suspicio
323 2988 479 3057 insequenti
498 2987 649 3059 ,denique“
669 2989 706 3054 (in
724 2993 740 3053 ξ
756 2992 814 3058 10),
832 2991 907 3060 quod
926 2993 974 3061 eis,
994 2992 1161 3061 quimorem
1181 2981 1279 3045 horum

184 3075 395 3144 compilatorum
407 3077 548 3145 cognitum
560 3076 672 3144 habent,
688 3092 740 3145 pro
756 3084 833 3133 certo
845 3078 926 3146 signo
939 3083 990 3146 est,
1003 3078 1057 3133 iam
1069 3083 1118 3132 aut
1130 3076 1167 3131 ad
1179 3092 1281 3131 novum

182 3159 287 3216 fontem
305 3163 469 3231 scriptorem
486 3164 604 3218 transire
622 3169 672 3218 ant
690 3164 726 3218 ad
744 3164 890 3232 pristinum
908 3164 1047 3234 quendam
1065 3163 1176 3219 reverti.

254 3248 383 3304 Ceterum
401 3248 453 3304 hac
471 3250 616 3305 occasione
635 3249 729 3304 oblata
741 3251 839 3320 paucis
851 3267 966 3320 pravam
979 3251 1135 3320 opinionem
1148 3247 1183 3304 ab
1196 3249 1279 3304 omni-

181 3334 234 3391 bus
244 3334 388 3404 hueusque
398 3342 542 3405 acceptam
552 3335 726 3404 redarguam.
746 3336 931 3392 crediderunt
943 3337 1015 3392 enim
1024 3337 1076 3392 viri
1086 3336 1162 3392 docti
1170 3352 1280 3406 semper

181 3422 350 3492 peculiarem
367 3422 531 3491 partierdam
549 3423 585 3477 de
597 3423 717 3479 oraculis
729 3423 921 3500 ominibusque
939 3423 1054 3478 altario
1067 3423 1186 3478 Maximo
1202 3429 1279 3478 certo

182 3508 312 3564 curriculi
329 3507 406 3564 vitae
429 3510 495 3564 loco
514 3509 646 3565 insertam
670 3525 732 3566 esse
741 3510 770 3578 ¹).
807 3511 863 3568 Sed
888 3510 1056 3566 contrarium
1078 3509 1182 3566 iactum
1207 3525 1277 3578 esse,

183 3594 264 3650 facile
282 3595 426 3662 evincitur,
445 3598 527 3651 modo
545 3596 621 3665 ipsas
634 3597 707 3654 vitas
720 3599 813 3654 adeas.
833 3598 874 3653 Ne
886 3615 980 3654 omnes
993 3597 1147 3666 adhibeam,
1165 3601 1278 3666 praeter

180 3681 314 3737 Hadriani
338 3683 437 3750 utam,
461 3682 510 3737 ubi
533 3683 579 3737 illa
602 3699 653 3753 per
677 3689 764 3739 totam
787 3683 908 3754 priorem
932 3689 1040 3752 partem
1063 3684 1191 3754 dispersa
1211 3687 1278 3737 sunt

179 3767 225 3834 (ci.
244 3769 286 3836 Π,
304 3768 336 3836 43
354 3769 396 3837 ΙΙ,
414 3769 431 3822 8
449 3767 495 3837 ΙΙΙ,
513 3768 555 3838 9];
572 3770 629 3838 ΙΠ,
648 3770 690 3839 5),
714 3771 811 3828 Severi
829 3787 939 3841 quoque
956 3771 1015 3826 vita
1034 3776 1198 3840 argumento
1217 3775 1274 3826 est:

179 3855 265 3910 habes
283 3854 321 3910 ibi
338 3871 389 3924 per
402 3861 533 3924 quattuor
546 3857 639 3925 capita
651 3873 685 3912 ea
697 3858 864 3927 dispertita:
876 3859 898 3926 Ι,
916 3857 947 3926 4;
965 3857 987 3925 Ι,
1005 3858 1105 3924 6-1ος
1123 3855 1159 3924 ΙΙ,
1172 3857 1274 3924 8-10;

179 3942 236 4008 ΙΙΙ,
260 3942 343 4010 4-5;
367 3941 423 4010 ΙΙΙ,
442 3943 473 4008 93
496 3943 545 4011 IV,
569 3945 594 3998 6.
630 3943 721 4000 Etiam
745 3945 916 4000 extrinsecus
940 3944 969 3999 id
994 3942 1184 4010 confirmatur,
1214 3959 1276 3997 curn

179 4029 256 4100 apud
274 4029 448 4098 Suetonium,
473 4045 555 4099 quem
578 4031 647 4086 satis
671 4035 781 4087 constat
798 4048 853 4086 non
871 4031 953 4086 modo
972 4031 1159 4086 continuatum
1178 4045 1275 4086 ossea

252 4236 269 4288 ι)
283 4236 315 4277 Gt.
330 4238 357 4278 11.
370 4239 504 4292 unomen,
518 4239 561 4279 Dle
574 4236 695 4288 scriptores
708 4239 812 4280 historiae
825 4237 1112 4292 Angustaqdndentnugen
1125 4246 1166 4278 nur
1182 4238 1271 4279 Tertes-

280 4307 351 4348 krltik
360 4309 381 4351 u.
390 4307 520 4361 Analegung
529 4307 653 4359 dersolben,
662 4308 755 4359 Leipzig
765 4311 820 4350 1842.
831 4320 851 4359 p.
859 4311 892 4359 60,
905 4308 989 4349 Ruebel
998 4319 1018 4357 p.
1028 4308 1061 4359 58,
1070 4307 1217 4348 Drslnhoaim
1226 4318 1247 4356 p.
1255 4309 1273 4349 9.

1102 4379 1145 4431 1*
