3118 4882
677 403 780 505 ja

257 597 298 652 At
315 597 354 652 ita
371 596 396 653 si
413 602 501 652 totam
518 597 702 652 narrationem
720 599 903 654 dilaceramus
921 612 1009 652 nonne
1033 612 1067 652 eo
1093 594 1281 665 fundamento,

188 699 244 751 quo
268 684 296 739 in
320 684 484 740 delineanda
508 698 590 738 cursu
614 684 742 740 itinerum
764 684 817 740 nIsi
840 699 949 751 sumus,
967 683 1022 752 ipsi
1044 699 1095 738 nos
1119 683 1281 752 privamus?

188 769 261 826 Sane
279 772 318 826 eis
337 772 413 838 locis,
431 770 479 826 ubi
497 771 625 826 diversae
642 770 796 840 particulae
814 770 1020 839 conglutinatae
1038 774 1110 837 sunt,
1128 769 1280 837 periculum

187 857 243 925 est,
268 874 302 913 ne
326 858 394 927 quid
417 857 595 913 interciderit.
632 849 687 913 Sed
711 863 741 913 ut
765 873 795 912 re
816 873 884 911 vera
905 861 950 912 sat
967 856 1053 910 multa
1072 861 1136 911 ante
1154 855 1240 923 XIII,
1264 856 1280 908 1

188 943 285 999 deesse
303 945 502 1014 perspeximus,
515 945 554 998 ita
566 943 643 1011 XIII,
655 943 701 998 lle
714 943 789 998 iilum
801 943 949 1012 abruptum
962 943 1072 1012 quidem
1084 957 1174 1011 neque
1185 949 1278 996 tamen

187 1031 362 1087 decurtatum
380 1047 441 1086 esse
458 1031 577 1087 videtur.
597 1029 700 1085 Contra
712 1029 863 1084 identidem
882 1033 961 1097 patet
973 1044 1014 1096 ea,
1028 1044 1099 1097 quae
1117 1043 1173 1083 uno
1185 1034 1281 1082 tenore

187 1133 222 1172 ex
241 1119 338 1174 eodem
356 1124 470 1173 auctore
488 1123 619 1186 excerpta
637 1123 710 1184 sunt,
729 1114 785 1171 fide
802 1116 911 1170 minime
928 1115 1042 1184 indigna
1061 1130 1131 1184 esse,
1150 1114 1235 1169 veluti
1255 1115 1279 1170 is

187 1220 285 1260 cursus
302 1205 437 1272 itinerum,
456 1205 503 1274 qui
515 1204 591 1271 XIII,
611 1203 679 1258 1-4
691 1202 867 1271 describitur,
885 1218 935 1272 per
953 1217 984 1258 se
1001 1219 1056 1257 non
1074 1201 1167 1268 habet,
1185 1202 1280 1269 inquo

187 1291 381 1347 offendendum
397 1291 447 1357 sit3
465 1305 551 1359 quare
569 1305 603 1345 ex
621 1305 662 1359 eo,
681 1290 757 1359 quod
774 1290 932 1344 Hadrianus
945 1288 1021 1356 XIII,
1040 1291 1055 1342 l
1074 1303 1125 1358 per
1137 1288 1232 1342 Miam
1252 1293 1281 1342 et

187 1379 291 1434 insulas
309 1377 434 1432 Athenas
457 1377 617 1446 pervenisse
634 1376 768 1445 traditur,
792 1376 959 1431 Flemmerus
983 1391 1037 1430 non
1060 1376 1154 1445 inepte
1176 1374 1281 1428 hiatum

186 1465 262 1519 illum
279 1464 319 1518 ita
337 1464 472 1532 explevit,
494 1469 527 1518 ut
550 1463 702 1532 principem
726 1479 761 1518 ex
778 1462 913 1531 HIspania
929 1477 980 1530 per
998 1459 1122 1516 Africam
1138 1461 1167 1516 iu
1185 1460 1282 1515 Asiam

187 1550 436 1619 transgredientem
458 1550 577 1619 indeque
600 1549 724 1605 Athenas
748 1548 969 1618 proficiscentem
992 1547 1046 1604 sibi
1068 1546 1186 1616 lingeret
1195 1547 1223 1614 ¹).
1247 1575 1281 1584 -

186 1637 218 1692 In
236 1639 323 1692 altera
341 1652 407 1692 vero
425 1643 505 1706 parte
522 1637 586 1692 inde
603 1652 621 1690 a
637 1636 720 1704 XIII,
743 1637 776 1706 6,
801 1635 927 1705 quamvis
950 1635 1079 1690 nonnulla
1099 1634 1199 1689 idonea
1217 1634 1280 1702 siut,

186 1739 258 1793 quae
269 1724 454 1793 suspicionem
466 1723 601 1779 suscitent
615 1751 648 1760 -
660 1724 746 1779 veluti
758 1723 843 1790 xlv,
853 1723 870 1776 2
881 1723 909 1778 in
921 1722 1062 1778 enuntiato
1076 1726 1249 1789 ,moverunt
1258 1761 1278 1775 ..

186 1815 214 1866 et
230 1810 333 1866 Iudaei
350 1807 476 1878 bellum¹‘,
494 1809 562 1880 quid
580 1809 647 1864 illud
667 1808 726 1878 ,et“
746 1810 799 1865 sihi
816 1809 897 1876 velit,
915 1826 969 1865 non
987 1809 1055 1864 satis
1074 1809 1173 1880 liquet,
1191 1822 1281 1878 neque

185 1897 283 1965 habeo,
302 1913 358 1968 quo
376 1898 510 1966 explicem
529 1895 611 1964 ,sed“
630 1897 795 1966 particulam
812 1897 840 1951 in
858 1897 994 1966 principio
1013 1895 1183 1965 Insequentis
1200 1910 1281 1964 para·

184 1983 285 2053 graphi
303 2011 337 2020 -
354 1989 446 2038 tamen
464 1998 497 2038 ea
514 1983 628 2038 inertiae
646 1983 740 2052 potius
758 1983 949 2052 epitomatoris
972 1982 1129 2048 tribuerim,
1153 1997 1215 2036 cum
1237 1997 1281 2038 res

185 2072 259 2126 iusto
277 2071 339 2124 loco
357 2075 442 2140 atque
460 2070 556 2125 ordine
568 2070 719 2138 dispositas
737 2085 799 2125 esse
817 2075 943 2139 exparte
956 2067 1278 2141 quidemOassiIDionis

183 2157 340 2214 testimonio
363 2155 506 2224 probatur.
543 2155 603 2220 Qua
626 2155 655 2210 in
678 2171 708 2210 re
731 2172 786 2211 non
809 2162 866 2211 tam
889 2157 919 2211 id
941 2148 1075 2225 respicio,
1103 2155 1179 2225 quod
1202 2154 1279 2223 apud

186 2250 334 2312 utrumque
350 2242 387 2297 ds
404 2243 524 2309 tumulo,
548 2243 596 2311 qui
613 2247 744 2310 vocatur,
764 2242 888 2310 Pompeii
906 2243 934 2296 in
951 2244 1086 2312 Aegypto
1104 2238 1278 2310 magnificen-

184 2331 240 2386 tius
259 2330 413 2386 Instaurato
431 2334 460 2383 et
477 2327 513 2382 de
530 2333 619 2382 morte
636 2327 784 2382 mIserabili
801 2327 916 2383 Antinoi
934 2329 1036 2383 mentio
1053 2328 1179 2394 habetur,
1197 2342 1280 2397 quam

187 2415 263 2485 quod
281 2415 386 2470 itineris
404 2413 521 2468 directio
540 2418 568 2467 et
585 2430 602 2468 a
620 2412 709 2468 DIone
732 2419 761 2468 et
779 2430 796 2468 a
814 2413 961 2483 Spartiauo
986 2415 1082 2470 eadem
1099 2411 1279 2483 significatur.
1366 2485 1367 2489 Ἰ

186 2501 312 2570 Namque
331 2500 406 2569 quod
418 2499 584 2568 Xiphiliuus,
608 2501 651 2569 69,
670 2502 711 2568 11,
730 2502 745 2554 1
766 2505 884 2557 testatur
896 2500 1067 2556 Hadrianum
1082 2516 1133 2569 per
1145 2499 1281 2556 Iudaeam

186 2587 214 2642 in
231 2586 395 2656 Aegyptum
421 2586 577 2654 transiisse,
601 2588 718 2642 eundem
741 2603 852 2643 cursum
875 2589 951 2657 apud
969 2588 1146 2657 Spartianum
1170 2600 1282 2656 quoque

186 2673 376 2743 agnoscimus:
395 2673 471 2741 XIV,
486 2674 553 2728 1—3
566 2674 638 2729 enim
650 2675 686 2729 de
698 2673 781 2743 Syria
795 2680 823 2729 et
835 2674 944 2730 Iudaea
956 2676 1058 2744 agitur,
1076 2677 1091 2736 ἓ
1103 2673 1122 2728 4
1133 2673 1281 2728 edocemur

186 2760 339 2830 principem
355 2776 406 2830 per
423 2760 556 2815 Arabiam
574 2761 591 2815 i.
610 2776 648 2828 a,
666 2762 694 2816 ni
711 2760 806 2828 fallor,
828 2763 972 2817 Petraeam
990 2761 1018 2816 in
1035 2761 1198 2830 Aegyptum
1217 2773 1280 2812 con-

185 2847 316 2903 tendIsse.
334 2848 468 2904 Videmus
485 2848 572 2916 igitur
589 2854 718 2904 auctores
736 2849 765 2904 in
783 2865 817 2904 eo
836 2847 998 2916 consentire,
1017 2847 1094 2917 quod
1108 2845 1279 2913 Hadrianum

186 2949 237 3004 per
255 2934 351 2990 Asiam
374 2935 427 2990 iter
450 2935 478 2989 iu
501 2935 663 3005 Aegyptum
686 2934 786 2991 iecisse
809 2937 937 3003 tradunt,
961 2935 1080 3004 ideoque
1103 2934 1186 2990 etlam
1210 2947 1282 3002 quae

185 3026 330 3089 praeterea
350 3021 427 3090 apud
444 3020 620 3091 Spartianum
644 3021 743 3090 habes,
767 3023 919 3092 principem
936 3023 1026 3077 Roma
1049 3022 1077 3076 in
1095 3020 1190 3076 mmm
1214 3035 1278 3088 pro·

185 3107 353 3163 helscentem
365 3107 481 3163 Athenis
492 3107 652 3164 substitisse
667 3107 760 3178 ibique
774 3125 836 3164 cum
849 3110 903 3164 alia
915 3109 1017 3178 templa
1029 3113 1088 3162 tum
1101 3105 1280 3176 Olympicum,

187 3195 263 3264 quod
281 3195 366 3263 aiunt,
384 3194 538 3262 dedicasse,
555 3193 636 3249 facile
654 3195 759 3250 eredes.

254 3280 319 3336 Alia
343 3281 470 3350 quaestio
493 3281 617 3336 exoritur
640 3281 676 3336 de
699 3286 855 3350 temporum
879 3282 986 3337 ratione
1004 3280 1183 3348 excutienda,
1208 3294 1280 3350 quae

186 3366 274 3422 artius
297 3367 337 3421 ita
360 3366 503 3435 definitur,
530 3374 562 3422 ut
586 3384 641 3439 quo
667 3383 738 3422 anno
761 3367 918 3424 Hadrianus
942 3367 1073 3436 primum,
1101 3382 1157 3437 quo
1180 3366 1280 3422 iterum

185 3453 303 3510 Athenis
322 3460 506 3510 commoratus
524 3455 569 3523 sit,
587 3456 733 3511 enucleare
750 3456 919 3510 studeamus.
938 3454 999 3519 Qua
1014 3454 1042 3508 in
1054 3469 1084 3509 re
1096 3453 1164 3508 satis
1176 3453 1280 3509 diversi

186 3546 250 3596 sunt
268 3539 321 3596 viri
338 3539 428 3609 docti,
453 3557 516 3596 eum
534 3541 644 3596 Olinton
661 3546 690 3597 et
706 3541 804 3610 Iiulay
821 3541 937 3609 primam
955 3539 1072 3595 Athenis
1091 3541 1280 3596 commoratio-

185 3642 247 3682 nem
265 3642 289 3682 a.
309 3628 360 3682 122
383 3643 411 3696 p.
430 3627 508 3694 chr,
532 3625 695 3696 Eckhelius,
720 3628 902 3695 Flemmerus,
927 3625 1072 3682 Haakhius
1098 3643 1123 3682 a.
1142 3627 1193 3681 123
1217 3643 1279 3682 eon-

186 3714 312 3783 stituunt,
329 3713 519 3783 Gregorovius
537 3721 630 3769 autem
648 3715 685 3769 ad
696 3731 721 3769 a.
734 3714 794 3784 124,
813 3715 953 3771 Boelrhius
972 3721 1001 3770 et
1012 3714 1118 3769 Xeilius
1136 3714 1180 3770 vel
1192 3729 1281 3784 usque

187 3801 223 3856 ad
241 3816 266 3855 a.
284 3801 336 3855 125
359 3799 546 3866 descendunt;
569 3801 639 3857 alter
661 3801 798 3858 adventus
822 3808 850 3857 et
873 3802 1014 3858 dedicatio
1033 3800 1168 3870 Olympici
1193 3801 1280 3871 vulgo

186 3902 211 3942 a.
230 3887 281 3940 132
298 3904 326 3957 p.
345 3886 409 3944 Chr.
426 3887 567 3942 statuitur.
594 3887 829 3944 Proficiscendum
846 3894 890 3944 est
908 3888 942 3944 ab
960 3903 1002 3956 eo,
1021 3887 1097 3957 quod
1115 3891 1277 3942 constater

184 3972 409 4042 inscriptionibus
427 3975 455 4029 in
471 3974 603 4031 honorem
621 3974 754 4031 Hadriani
777 3975 814 4030 ab
831 3973 1047 4031 Atheniensibus
1072 3979 1208 4030 recentem
1232 3989 1278 4028 an·

258 4182 276 4234 ι)
290 4183 381 4223 Librum
395 4184 442 4224 sius
455 4194 500 4223 uon
509 4186 578 4223 muso.
593 4180 639 4222 Alll
648 4181 713 4223 sliam
722 4183 765 4222 slhl
774 4183 832 4224 vlam
842 4183 1021 4232 excogitaverunt
1029 4190 1101 4230 nsque
1110 4183 1192 4232 umen,
1206 4181 1278 4232 quoad

290 4252 467 4302 lnsmlptloulbus
479 4253 641 4304 adluvablmun
655 4252 713 4294 ultra
725 4261 797 4293 maras
810 4253 944 4293 coniecturas
957 4250 1059 4302 progredi
1072 4251 1196 4301 poterimus.
