3118 4882
699 433 802 534 „E-

202 611 258 682 Sed
277 625 360 684 etiam
377 624 492 694 gravius
510 631 554 682 est
570 625 638 681 illud
655 633 856 697 argumentum,
869 627 944 698 quod
962 642 1048 696 supra
1060 623 1173 696 promIsi
1189 626 1293 696 ditans,

202 713 226 770 si
244 729 268 768 c.
287 713 327 768 IX
345 713 556 781 excusserImus,
573 713 628 768 ism
645 715 745 770 nemini
763 715 877 771 dubium
893 713 962 782 fore,
981 714 1059 782 cuius
1077 719 1159 783 prata
1171 713 1293 783 Spartia-

202 817 254 856 nus
271 800 334 867 vll,
352 799 370 854 5
388 799 465 867 VIII,
484 800 516 854 11
536 801 690 869 depaverit.
755 849 757 852 .

270 886 380 942 Auctor
398 886 469 962 enim
488 902 511 941 c.
530 883 588 953 IX}
605 894 701 942 narrat
717 887 887 942 Hadrianum
905 887 1041 942 amicitiae
1059 887 1167 942 Attiani
1185 892 1293 956 pertae-

201 989 263 1028 sum
280 989 334 1030 nou
352 973 435 1028 modo
454 973 563 1042 culpam
580 973 766 1043 invidiamque
784 990 818 1030 ex
837 990 905 1031 nece
923 975 1031 1028 illorum
1044 979 1177 1043 quattuor
1195 990 1291 1029 consu·

202 1058 299 1113 larium
317 1065 442 1114 exortam
459 1060 486 1115 In
504 1061 580 1115 illum
604 1061 769 1129 coniecisse,
787 1061 837 1118 sed
856 1061 939 1116 etiam
963 1076 997 1116 eo
1015 1059 1159 1118 Attianum
1181 1075 1292 1129 compu-

200 1145 275 1212 IIsse,
293 1151 324 1199 ut
341 1143 433 1202 faeere
450 1163 504 1202 uon
522 1153 627 1215 posset,
645 1148 711 1216 quin
728 1149 893 1218 magistratu
910 1145 1046 1217 praefecti
1063 1147 1204 1216 praetorio
1217 1146 1292 1201 abdi-

202 1235 279 1286 caret
296 1230 355 1300 (IX,
372 1233 408 1299 4).
427 1232 467 1288 At
484 1233 551 1301 quid
570 1234 644 1302 VIII,
664 1235 679 1288 7
697 1234 776 1291 nobis
788 1234 994 1304 persuadetur?
1013 1233 1127 1289 Nonnisi
1138 1249 1291 1302 permagno

201 1317 308 1373 Attiani
334 1334 427 1374 amore
450 1320 620 1376 Hadrianum
646 1327 811 1377 commotum
837 1337 913 1389 esse,
939 1327 972 1376 ut
998 1336 1061 1375 curn
1088 1336 1123 1374 ex
1149 1317 1292 1388 praefecto

200 1405 338 1473 praetorIs
355 1412 511 1462 senatorem
528 1406 647 1476 faceret,
667 1409 733 1477 quia
755 1409 785 1464 id
803 1408 958 1475 Hadriano,
977 1406 1080 1476 quippe
1099 1406 1146 1475 qui
1167 1411 1293 1461 senatum

202 1504 284 1558 quam
302 1492 419 1548 maxime
438 1494 549 1562 coleret,
567 1511 702 1550 summum
720 1495 831 1550 honoris
849 1495 939 1550 visum
957 1499 1039 1548 esset
1060 1493 1138 1548 Haec
1155 1492 1294 1562 quomodo

201 1578 354 1634 consociari
372 1582 509 1648 possunt?
536 1581 594 1636 Res
612 1587 655 1637 est
672 1580 801 1638 facdlima
818 1581 959 1650 expeditu.
989 1580 1032 1634 Re
1050 1595 1117 1635 vera
1135 1579 1293 1634 Hadrianus

201 1680 235 1719 eo
252 1664 314 1733 ipso
332 1666 454 1736 consilio,
472 1673 504 1722 ut
521 1667 664 1724 Attianum
681 1667 857 1738 praefectura
875 1673 1024 1734 amoveret,
1040 1683 1103 1722 eum
1121 1666 1149 1720 in
1166 1669 1292 1721 senatum

201 1750 277 1819 legit,
296 1767 365 1820 cum,
383 1759 415 1807 ut
433 1759 461 1808 et
478 1755 588 1810 aliunde
607 1756 748 1824 cognitum
766 1761 810 1811 est
827 1762 856 1812 et
874 1771 889 1810 e
907 1755 956 1810 vit.
991 1753 1094 1808 Pertin.
1112 1753 1153 1820 ll,
1172 1752 1219 1818 9¹)
1238 1751 1292 1807 dis·

201 1837 296 1905 clmus,
314 1839 414 1893 nemini
432 1841 530 1896 eodem
547 1848 673 1910 tempore
686 1848 715 1897 et
731 1840 873 1911 praefecto
891 1841 1032 1911 praetorio
1050 1846 1080 1895 et
1097 1838 1218 1895 senatori
1231 1853 1293 1892 esse

201 1922 303 1979 liceret.
331 1924 416 1994 Quae,
434 1925 540 1996 opinor,
559 1928 761 1998 simplicissima
778 1929 818 1984 rei
837 1929 986 1998 explicatio
1003 1927 1151 1995 unicuique
1169 1925 1243 1978 ultro
1261 1939 1292 1978 se

201 2010 290 2066 offert
309 2011 440 2068 Attamen
458 2013 482 2068 si
500 2015 562 2083 quis
579 2016 624 2084 sit,
636 2015 715 2071 cuius
733 2015 839 2070 animus
855 2016 928 2071 iusto
941 2014 1030 2082 magis
1043 2012 1079 2066 ad
1092 2010 1293 2066 dubitationem

199 2096 320 2167 inclinet,
338 2099 364 2154 ei
376 2115 486 2169 quoque
504 2101 666 2157 satisfacere
683 2118 798 2171 possum
815 2101 951 2157 simillimo
964 2100 1090 2168 exemplo
1103 2099 1195 2152 allato.
1213 2097 1292 2150 illum

200 2184 272 2238 enirn
290 2186 401 2240 modum
418 2184 576 2255 praefectos
594 2190 725 2243 molestos
738 2189 885 2253 amovendi
900 2185 1112 2257 imperatoribus
1124 2197 1293 2251 magnopere

200 2271 347 2339 placuisse,
365 2278 483 2340 apparet
501 2290 535 2328 ex
553 2274 602 2328 vit.
638 2274 781 2329 Commodi
804 2275 859 2341 IV,
878 2275 893 2327 t
914 2275 1079 2341 „Paternum
1102 2269 1292 2336 (Commodus)

88 2384 94 2394 ·
200 2355 349 2426 instigante
368 2357 480 2428 Tigidio
498 2375 548 2428 per
566 2360 614 2414 lati
633 2360 704 2415 clavi
723 2360 853 2414 honorem
872 2375 889 2413 a
906 2357 1099 2428 praefecturae
1120 2355 1291 2412 administra·

200 2441 274 2497 tione
292 2442 464 2499 summovit“.
483 2473 516 2481 -
527 2445 596 2510 ·Qua
614 2446 725 2515 quidem
742 2462 773 2501 re
797 2462 852 2501 non
875 2446 958 2500 modo
983 2461 1016 2500 ea
1039 2443 1193 2510 sententia,
1210 2458 1292 2511 quam

200 2529 282 2595 posui
300 2529 395 2584 diceus
412 2531 494 2599 longe
512 2531 639 2588 diversos
657 2548 719 2589 esse
737 2540 866 2590 auctores
885 2549 908 2588 c.
927 2532 1012 2599 VIII}
1028 2537 1056 2587 et
1073 2529 1181 2600 IX3,si
1190 2533 1292 2598 potest,

201 2613 283 2668 etiam
301 2614 389 2683 magis
408 2613 539 2686 firmatur,
558 2619 709 2675 sedetiam
727 2621 860 2676 Hadriani
884 2626 984 2674 natura
1007 2619 1111 2688 optime
1132 2617 1292 2672 illustratur.

201 2698 281 2763 Quod
305 2701 376 2756 enirn
400 2701 564 2775 Imperator,
583 2722 644 2762 eum
668 2707 784 2762 Attiano
807 2707 893 2762 latum
921 2707 1029 2761 clavum
1055 2703 1193 2770 deferret,
1221 2701 1293 2755 hunc

200 2785 359 2855 ambiguum
376 2788 508 2846 honorem
525 2809 632 2847 summa
648 2794 797 2850 verborum
814 2809 917 2863 pompa
934 2798 1100 2862 prosecutus
1119 2805 1181 2845 esse
1202 2787 1292 2858 perhi-

200 2871 296 2942 betur,
313 2872 384 2930 bene
401 2877 431 2932 id
449 2880 578 2934 convenit
596 2880 633 2936 ad
651 2896 698 2949 ea,
716 2897 788 2950 quae
809 2881 920 2936 aliunde
939 2895 1049 2949 quoque
1067 2879 1103 2934 de
1120 2876 1193 2932 fietis
1211 2875 1292 2930 simu·

200 2959 318 3028 latisque
336 2961 468 3032 principis
487 2966 608 3022 moribus
626 2974 769 3036 comperta
780 2967 922 3023 habemus.
940 2967 1022 3022 Adeo
1035 2966 1106 3020 enim
1118 2980 1173 3019 non
1185 2961 1292 3027 dubito,

200 3046 266 3114 quin
283 3055 440 3105 assentator
463 3051 508 3108 ille
526 3053 673 3121 Hadriani,
696 3055 721 3110 si
738 3055 775 3108 ad
793 3061 935 3110 externam
958 3054 1079 3122 speciem
1103 3051 1222 3105 animum
1246 3047 1293 3101 ad·

199 3133 341 3204 vertimus,
360 3137 563 3203 quodammodo
581 3157 648 3195 vera
667 3140 813 3209 rettulerit,
832 3148 863 3196 ut
880 3144 977 3195 contra
990 3153 1155 3208 persuasum
1167 3135 1292 3202 habeam,

165 3295 167 3300 ,
199 3219 273 3273 illam
291 3237 349 3276 rem
366 3222 395 3276 iu
413 3225 523 3279 avlll
541 3226 620 3282 nobis
638 3227 677 3282 ita
694 3228 867 3296 propositam
891 3242 966 3294 esse,
985 3231 1016 3280 ut
1040 3223 1168 3294 princeps
1187 3236 1247 3276 eam
1266 3227 1295 3274 et

201 3321 294 3360 coram
311 3307 427 3364 Attiano
445 3308 555 3366 finxerit
573 3318 601 3367 et
618 3313 729 3383 publice
748 3313 886 3382 cupiverit
906 3312 1010 3382 accipi,
1028 3311 1045 3366 i.
1070 3326 1093 3365 e.
1117 3314 1150 3364 ut
1171 3307 1295 3363 breviter

199 3392 306 3462 loquar,
324 3394 376 3449 hae
394 3412 505 3468 quoque
523 3399 551 3453 in
569 3415 599 3454 re
617 3401 760 3456 consilium
778 3399 953 3470 perspicitur,
966 3399 1042 3468 quod
1057 3401 1199 3452 auctorem
1210 3394 1293 3450 huius

199 3479 275 3535 vitae
292 3486 417 3536 secutum
435 3499 497 3539 esse
515 3483 568 3540 iam
586 3503 672 3556 supra
689 3488 869 3555 ostendimus,
887 3494 919 3542 ut
936 3485 1003 3541 talia
1014 3484 1186 3553 divulgaret,
1200 3480 1292 3550 qualia

200 3565 358 3622 Hadrianus
377 3568 413 3624 ab
431 3570 585 3629 hominibus
607 3574 683 3628 credi
701 3574 828 3629 voluerit

271 3653 328 3710 Sed
352 3671 442 3726 pergo
465 3658 493 3713 in
516 3659 688 3716 aestimando
712 3667 827 3717 auctore
851 3676 875 3716 c.
893 3659 968 3728 lx!.
1008 3658 1094 3714 Cuius
1120 3655 1190 3711 fides
1211 3656 1296 3712 semel

200 3741 340 3796 luculento
359 3744 486 3813 exemplo
504 3745 623 3814 probata
640 3747 694 3802 alia
706 3762 818 3816 quoque
836 3748 864 3802 in
879 3763 908 3802 re
927 3747 1024 3802 mirum
1035 3745 1064 3799 in
1076 3743 1187 3800 modum
1200 3743 1293 3799 enitet

201 3825 278 3883 idem
297 3828 376 3899 enim,
395 3831 423 3886 id
442 3832 517 3900 quod
535 3848 585 3901 per
603 3833 685 3888 aliam
703 3834 876 3890 occasionem
893 3833 947 3888 iam
966 3831 1060 3901 tetigi,
1078 3831 1134 3899 IX,
1153 3830 1169 3883 9
1186 3830 1215 3884 in
1233 3845 1292 3884 ver-

201 3913 244 3971 bis
265 3917 423 3983 ,summotis
442 3917 484 3973 bis
500 3919 627 3982 (Attiano
651 3927 681 3975 et
698 3920 793 3986 Simili)
812 3936 829 3975 a
846 3917 1036 3989 praefectura,
1055 3918 1155 3987 quibus
1173 3915 1294 3972 debebat

200 3998 360 4068 imperinm
374 4008 484 4058 tenuem
496 4005 654 4061 memoriam
668 4005 773 4062 fraudis
785 4006 813 4060 in
825 4007 1001 4062 successione
1012 4004 1120 4074 Imperii
1132 4003 1294 4060 oommIssae

276 4139 294 4190 ¹)
308 4141 361 4182 Pert
374 4142 404 4195 11,
417 4143 442 4182 9:
456 4141 538 4193 „doluit
551 4145 623 4194 palam
637 4145 729 4196 Marcus,
743 4145 800 4195 quod
814 4142 936 4195 (Pertlnsx)
950 4149 1037 4185 senator
1057 4147 1114 4183 esset
1128 4147 1151 4182 et
1170 4141 1293 4192 praefectus

306 4212 413 4260 praetorio
433 4209 480 4252 fleri
500 4225 513 4253 a
532 4223 556 4254 se
576 4224 620 4254 non
638 4212 725 4265 possetu
741 4214 858 4256 secuudum
880 4214 971 4257 usuum
992 4213 1123 4265 Maximum,
1137 4217 1162 4252 ut
1183 4213 1294 4267 cognoscit

307 4279 337 4330 11,
350 4280 368 4322 s.
