3118 4882
735 421 754 487 7

200 623 310 686 pentum
333 617 518 687 conspicitur3
543 633 614 686 quae
637 616 796 672 observatio
820 615 856 671 ob
874 632 933 672 earn
958 631 1069 672 causam
1087 616 1184 670 summi
1207 615 1290 684 pretii

195 711 252 773 est,
271 705 346 774 quod
369 705 394 760 si
418 720 474 773 qua
497 704 570 760 idem
593 703 716 759 studium
739 703 911 772 antiquitatis
936 719 1131 775 agnoscemus,
1156 703 1185 758 id
1211 707 1289 758 certo

194 791 274 847 nobis
292 792 458 847 documento
476 792 529 848 erit
547 791 722 859 Spartianum
740 790 864 846 eiusdem
881 790 1005 846 historici
1023 789 1115 854 aulici,
1128 789 1289 845 auctoritati

195 894 226 934 se
244 878 392 934 addixisse.

266 965 321 1021 Sed
345 965 400 1019 iam
417 965 488 1020 inter
511 981 561 1020 nos
585 964 731 1019 conveniat
754 969 878 1033 oportet,
903 963 950 1019 ubi
974 961 1035 1018 finis
1059 955 1186 1032 largioris
1207 962 1289 1017 huius

196 1053 323 1121 excerpti
341 1051 504 1108 statuendus
522 1052 566 1107 sit.
602 1051 640 1106 Ut
657 1051 722 1106 mihi
741 1051 851 1120 quidem
869 1050 980 1106 videtur
997 1050 1025 1105 in
1043 1051 1057 1112 ξ
1076 1051 1100 1104 8.
1128 1049 1200 1114 Quid
1219 1049 1289 1104 enim

197 1138 272 1207 quod
292 1139 453 1208 Spartianus
471 1139 506 1208 V,
525 1139 541 1192 9
558 1139 598 1194 ita
615 1140 709 1208 pergit
722 1144 803 1208 ,post
820 1138 890 1193 haec
908 1139 1050 1206 digressus
1069 1142 1112 1193 est
1130 1137 1167 1191 ad
1178 1137 1288 1204 inspici·

195 1225 280 1282 endas
298 1226 427 1294 reliquias
445 1224 583 1282 Traiani“.
610 1226 701 1281 Haud
718 1226 832 1294 paulum
855 1225 960 1294 oppido
983 1224 1130 1294 temporis,
1151 1224 1217 1278 dnm
1234 1224 1288 1278 Ha-

195 1312 307 1369 drianus
334 1313 371 1368 ad
397 1312 526 1368 visendas
556 1313 714 1384 imperatori
745 1311 868 1369 defuncti
900 1311 1030 1382 reliquias
1057 1309 1288 1380 proficisceretur,

194 1401 412 1470 praeterlapsum
436 1399 474 1455 sit
496 1415 609 1455 neeesse
633 1405 689 1467 est,
714 1415 776 1454 oum
801 1405 883 1454 antea
913 1415 1010 1467 pacem
1041 1398 1174 1453 conderet
1197 1396 1288 1452 tribus

194 1487 344 1557 provinciis
362 1487 472 1542 Parthis
489 1486 614 1554 traditis,
632 1501 713 1555 rege,
732 1501 813 1554 quem
831 1485 966 1540 Traianus
985 1485 1024 1540 cis
1045 1485 1228 1558 imposuerat,
1247 1499 1288 1538 re-

194 1580 285 1629 tracto
303 1573 491 1642 proximisque
508 1572 638 1641 gentibus
662 1573 729 1628 dato
748 1571 773 1636 (ξ
790 1571 832 1640 4),
850 1587 902 1628 nec
919 1588 973 1636 non
991 1571 1121 1638 ludaeis,
1141 1570 1188 1640 qui
1205 1571 1288 1625 modo

196 1661 296 1716 bellum
314 1661 513 1727 excitaverunt,
532 1659 696 1728 compressis
715 1664 799 1728 atque
816 1659 920 1716 sedatis
939 1659 984 1726 (V,
1002 1659 1038 1724 8).
1075 1658 1152 1723 Quae
1165 1646 1231 1712 'cum
1248 1656 1289 1710 ita

193 1747 256 1814 sint,
274 1745 389 1802 dubium
405 1762 460 1802 non
478 1751 528 1814 est,
548 1745 614 1814 quin
630 1761 661 1801 re
678 1761 745 1800 vera
762 1745 807 1800 hic
825 1745 943 1802 tausitus
961 1743 1019 1800 fiat.

264 1833 320 1889 Sed
348 1849 393 1901 ea,
424 1848 495 1903 quae
522 1839 688 1902 sequuntur,
715 1833 777 1901 ipsa
803 1833 874 1888 inter
900 1849 930 1888 se
956 1849 1010 1887 non
1036 1830 1106 1888 bene
1133 1829 1289 1897 cohaerent,

191 1921 274 1975 immo
300 1921 421 1990 speciem
447 1925 679 1995 excerptorumc
705 1919 823 1976 diversis
850 1919 972 1975 fontibus
999 1922 1195 1986 congestorum
1221 1931 1289 1995 prae

193 2024 224 2064 se
249 2006 348 2063 lerunt.
393 2008 433 2074 V,
460 2007 495 2062 10
520 2005 592 2062 enim
616 2012 711 2062 namet
740 2013 838 2064 auctor
865 2007 1035 2061 Hadrianum
1067 2021 1116 2074 per
1148 2003 1288 2072 Illyricum
1368 2023 1370 2029 ,

192 2097 309 2150 Romam
334 2094 455 2161 venisse,
474 2094 527 2162 VI,
547 2095 615 2148 1-a
639 2099 731 2149 autem
754 2093 860 2149 litteras
884 2097 1079 2148 commemorat
1102 2091 1139 2146 ad
1162 2095 1288 2146 senatum

193 2181 282 2248 datas,
301 2197 370 2250 quas
388 2181 433 2236 ille
451 2181 556 2236 miserit
579 2196 693 2236 necesse
717 2186 773 2248 cst,
797 2179 959 2248 priusquam
979 2179 1096 2233 Romam
1120 2176 1287 2232 advenisset.

194 2268 275 2333 Quod
298 2269 322 2324 si
345 2268 466 2324 fortasse
489 2268 583 2336 potius
607 2266 800 2335 neglegentiae
824 2265 1011 2334 compilatoris
1038 2263 1214 2320 tribuendum
1237 2269 1288 2331 est,

194 2372 257 2410 cum
283 2356 389 2424 legeret
419 2355 551 2419 ,Romam
578 2349 745 2419 contendit“,
772 2351 957 2418 incogitanter
982 2348 1128 2405 scribentis
1157 2351 1288 2418 ,Romam

193 2439 294 2508 venit“,
311 2446 404 2496 tamen
421 2439 497 2494 aliud
516 2453 626 2507 quoque
645 2437 733 2506 adest,
751 2437 779 2492 in
797 2427 852 2506 quc
871 2435 1006 2492 haeream.
1041 2437 1193 2505 Postquam
1217 2440 1288 2494 enim

194 2527 271 2594 VI,1
286 2527 448 2595 Spartianus
467 2523 602 2594 epistulae
619 2525 783 2580 mentionem
799 2523 874 2592 fecit,
888 2523 935 2592 VI,
954 2525 971 2578 2
987 2525 1095 2591 iterum,
1109 2525 1188 2594 quasi
1207 2531 1289 2582 antea

193 2613 259 2668 nihil
278 2614 313 2669 de
331 2613 429 2669 litteris
453 2612 566 2680 dixerit,
584 2612 682 2680 incipit
705 2611 797 2667 verbis
823 2627 901 2679 ,cum
925 2601 1105 2666 adsecutum
1128 2611 1287 2682 scriberet“,

192 2715 359 2769 quamquam
376 2699 537 2755 sumendum
556 2705 599 2754 est
621 2698 737 2754 eandem
760 2696 846 2754 fuisse
869 2698 1029 2766 epistulam,
1048 2714 1104 2766 qua
1127 2698 1286 2756 Hadrianus
1310 2713 1333 2758 ’,

193 2793 221 2843 et
239 2787 384 2842 decessum
407 2787 540 2856 principis
557 2786 680 2843 honestis
697 2783 789 2840 verbis
813 2790 978 2854 prosecutus
1002 2785 1111 2840 divinos
1129 2785 1155 2840 ei
1181 2791 1289 2854 peteret

192 2873 310 2929 honores
329 2879 357 2928 et
368 2873 513 2945 imperium
530 2889 610 2929 suum
622 2872 748 2928 celeriter
760 2876 926 2940 occupatum
939 2877 1092 2944 excusaret.
1112 2871 1167 2929 Sed
1180 2873 1287 2929 etiamsi

193 2960 264 3015 duas
283 2959 416 3029 epistulas
434 2958 520 3016 luisse
537 2965 679 3029 putemus,
698 2959 727 3014 id
750 2959 848 3015 saltem
871 2957 1081 3028 significandum
1106 2965 1179 3026 erat,
1197 2975 1287 3028 neque

192 3046 280 3102 altera
298 3047 376 3102 alteri
394 3048 469 3102 nullo
487 3045 573 3102 verbo
592 3047 702 3102 adiecto
720 3046 880 3114 simpliciter
906 3046 1080 3114 adponenda.
1118 3045 1168 3101 Cui
1195 3052 1287 3102 tamen

190 3131 260 3189 fonti
278 3135 486 3202 unumquidque
502 3132 679 3189 tribuendum
696 3133 741 3200 sit,
758 3133 787 3186 in
804 3132 909 3187 incerto
927 3131 993 3186 mihi
1008 3132 1216 3208 relinquendum
1235 3139 1285 3188 est.

261 3218 363 3276 Contra
388 3221 440 3288 VI,
464 3221 533 3275 6-8
557 3218 726 3275 confidenter
749 3218 786 3273 ad
810 3217 926 3273 eundem
950 3232 1052 3272 revoco
1076 3216 1188 3285 fontem,
1206 3219 1285 3275 cuius

191 3307 311 3376 vestigia
329 3306 491 3377 compilator
508 3307 537 3361 in
555 3323 580 3362 c.
597 3306 623 3362 V
640 3305 750 3377 pressit,
770 3321 832 3359 cum
849 3320 904 3358 non
922 3304 1004 3359 modo
1021 3303 1076 3369 hic,
1094 3319 1205 3372 quoque
1231 3303 1283 3362 fre

192 3394 304 3462 quentia
321 3391 530 3463 participiorum
557 3393 652 3448 cadilo
669 3393 792 3460 tamdiu,
808 3391 965 3460 praepaiatis
991 3391 1159 3458 scurrilibus,
1186 3391 1285 3459 infulis

191 3481 490 3550 remunerarentur
521 3481 671 3549 stipendiis,
690 3481 795 3548 coquito
828 3479 947 3547 ceponio,
973 3492 1044 3546 quae
1076 3477 1113 3532 ad
1139 3476 1284 3536 brevitatis

190 3567 313 3624 studium
336 3567 487 3635 pertinent,
505 3566 534 3620 in
557 3565 652 3620 oculos
676 3565 811 3634 incurrat,
830 3565 880 3620 sed
904 3564 986 3620 etiam
1006 3564 1100 3633 priora
1118 3563 1285 3633 illa‘optime

191 3654 392 3710 continuentur.
428 3652 556 3708 Conexus
580 3652 664 3720 enim,
689 3653 737 3720 qui
759 3652 788 3706 in
810 3652 857 3707 illo
880 3650 957 3706 fonte
980 3650 1143 3720 praebetur,
1161 3651 1206 3706 hic
1228 3658 1284 3708 cst:

191 3741 307 3797 Judaeis
326 3740 492 3809 compressis
510 3739 605 3794 Turbo
623 3738 810 3794 Mauretaniae
834 3738 984 3794 seditiosae
1004 3737 1165 3807 praeficitur
1184 3738 1228 3806 (V,
1247 3738 1283 3807 8),

190 3828 348 3884 Hadrianus
364 3826 427 3896 ipse
445 3826 481 3883 ad
500 3825 719 3895 comprimendos
737 3823 878 3880 Sarmatas
896 3830 925 3880 et
935 3825 1095 3880 Roxolanos
1113 3825 1153 3880 ire
1170 3824 1198 3879 in
1210 3825 1283 3882 Moe

190 3916 260 3971 siam
278 3913 426 3969 contendit.
462 3913 515 3966 liic
539 3912 638 3966 lacuna
662 3911 690 3966 in
708 3927 815 3966 conexu
832 3911 996 3966 narrationis
1020 3916 1126 3979 exstat,
1144 3927 1226 3981 quam
1244 3911 1284 3966 ita

189 4002 302 4069 expleo:
319 3999 476 4055 Hadrianus
495 4005 594 4066 autem,
612 3998 733 4054 nendum
751 3999 852 4054 scimus
866 4013 948 4067 quam
964 3997 1000 4052 ob
1019 4013 1138 4066 causam,
1151 4014 1167 4053 e
1179 3998 1283 4053 Moesia

190 4087 325 4144 decedere
350 4087 459 4156 cogitur
478 4092 505 4142 ct
528 4085 616 4155 ipsius
640 4085 702 4140 loco
720 4083 877 4140 Turbonem
895 4099 911 4158 e
928 4085 1099 4140 Mauretania
1119 4085 1282 4140 arcessitum

189 4173 318 4243 relinquit
334 4189 452 4242 cumque
465 4173 654 4242 praefecturae
672 4171 752 4226 titulo
767 4177 855 4227 ornat.
875 4171 971 4226 Nonne
987 4168 1057 4227 hacc
1069 4171 1172 4240 optime
1184 4186 1280 4241 proce·

189 4260 279 4318 dunt?
303 4275 387 4317 uuum
409 4265 530 4328 tantum,
553 4259 577 4316 si
601 4257 751 4316 omittimus
774 4258 848 4314 illam
871 4259 1010 4325 lacunam,
1035 4258 1062 4313 iu
1086 4257 1205 4324 obscuro
1228 4263 1280 4326 est,
