3118 4882
815 440 859 506 34

788 533 890 544 -ι-..

287 630 381 688 bebat.
400 631 456 689 Sed
474 632 571 689 incidit
587 633 631 688 vir
648 634 749 690 doctus
766 635 864 692 mirum
881 637 909 692 in
927 651 1056 694 errorem.
1081 636 1154 694 Sane
1172 640 1249 710 quod
1266 629 1400 710 legium

288 719 331 786 II,
355 720 484 788 3,sorte
507 720 650 776 Baeticam
675 720 798 792 accepit¹⁴
824 729 853 779 et
870 723 913 792 II,
937 725 956 779 4
981 741 1048 794 ,pro
1066 725 1182 782 Baetica
1206 726 1335 786 Sardinia
1360 729 1385 783 ei

288 805 423 863 attributa
440 805 509 877 est“,
534 823 569 863 ca
592 825 691 877 parum
715 815 846 866 accurate
870 811 946 866 dicta
969 819 1048 879 sunt3
1072 813 1247 870 nihilominus
1273 817 1297 870 si
1315 831 1383 884 pau·

287 893 371 948 lulum
384 895 583 964 prospexisset,
602 911 618 950 e
630 898 645 958 S
657 895 675 950 5
687 895 735 951 ubi
747 896 832 953 habes
846 905 927 966 ,acta
941 899 1027 967 igitur
1039 907 1185 966 quaestura
1197 899 1386 957 Suadebaff

289 978 433 1036 didicisset
445 980 589 1037 ”Severum
615 997 671 1037 non
689 981 844 1050 profectum
861 985 970 1040 illarum
987 986 1192 1054 provinciarum
1210 987 1309 1056 inisse,
1335 988 1386 1043 sed

289 1068 444 1137 quaestoris
462 1083 575 1124 munere
586 1070 704 1138 primum
721 1070 750 1124 in
762 1069 885 1139 Baetica,
904 1070 1004 1126 deinde
1022 1072 1051 1125 in
1063 1071 1159 1128 Sicilia
1176 1072 1300 1130 farnetum
1315 1089 1384 1129 esse.
1475 1075 1480 1084 '

288 1153 413 1209 -Saue
436 1156 491 1210 iam
516 1156 571 1211 alia
597 1157 719 1211 exoritur
745 1155 909 1225 difficultas,
935 1158 1012 1227 quod
1037 1158 1092 1213 iam
1116 1160 1190 1215 duae
1217 1166 1385 1230 quaesturae

289 1241 418 1296 evadunt.
454 1241 490 1296 Et
507 1241 678 1310 Zumptius¹i
703 1247 731 1298 et
749 1258 812 1298 eum
830 1244 918 1298 secuti
936 1243 1078 1310 Schulte1)
1096 1252 1124 1300 et
1141 1245 1326 1314 Hoefnerus²)
1348 1248 1384 1303 de

286 1327 395 1384 duabus
415 1329 573 1398 quaesturis
598 1329 719 1398 cogitari
744 1345 829 1396 posse
846 1337 1034 1399 negaverunt,
1060 1337 1088 1386 et
1108 1333 1300 1402 unusquisque
1318 1349 1383 1389 con·

288 1415 368 1471 cedet
386 1421 489 1472 certum
507 1415 692 1472 testimonium
711 1432 746 1472 ex
764 1416 801 1485 II,
819 1418 844 1486 3,
864 1434 926 1472 cum
943 1418 1013 1474 haec
1030 1418 1225 1487 paragraphus
1244 1420 1300 1474 alia
1316 1435 1384 1489 quo·

288 1518 343 1574 que
361 1504 526 1572 gravissima
538 1503 696 1573 corruptela
714 1504 829 1573 laboret,
848 1505 910 1560 elici
926 1521 982 1560 non
999 1520 1090 1572 posse.
1109 1505 1208 1575 ltaque
1220 1505 1302 1559 valde
1318 1505 1384 1560 mihi

286 1590 391 1657 placuit
415 1590 587 1658 coniectura,
614 1607 670 1660 qua
693 1590 842 1648 haesitanti
867 1592 933 1646 mihi
955 1591 1193 1658 Wachsmuthius,
1218 1596 1383 1659 praeceptor

287 1676 490 1745 dilectissimus,
498 1678 642 1733 succurrit
655 1677 684 1733 Si
695 1677 765 1733 enim
776 1679 933 1734 accuratius
943 1679 1015 1734 hunc
1024 1679 1115 1734 locum
1122 1679 1316 1746 examinamus,
1326 1678 1381 1732 ani-

287 1763 482 1819 madvertimus
507 1765 617 1834 integra
634 1780 697 1820 esse
720 1764 790 1820 haec
808 1765 908 1821 verba:
929 1771 1122 1836 „quaesturam
1140 1765 1288 1836 diligenter
1309 1762 1382 1833 egit“

289 1855 380 1917 ,sorte
397 1850 539 1906 Baeticam
557 1849 682 1920 aceepit“
702 1857 768 1919 etc,
794 1851 835 1906 ita
852 1859 884 1907 ut
901 1852 1042 1919 mendum,
1068 1852 1187 1922 siquod
1213 1853 1306 1918 adest,
1330 1868 1385 1906 non

286 1938 341 1992 nisi
357 1938 386 1992 in
403 1938 459 2006 eis,
484 1953 556 2006 quae
576 1937 741 2006 interposita
765 1942 831 1992 sunt
851 1938 954 2005 ,omnis
980 1939 1102 1994 sortibus
1126 1944 1194 1994 natu
1218 1944 1284 2007 post
1301 1953 1384 2007 quae-

288 2021 408 2080 sturam“
427 2025 514 2080 latere
531 2025 631 2095 possit.
666 2025 766 2080 Priora
783 2025 883 2080 horum
900 2025 1049 2080 verborum
1067 2031 1166 2093 argute
1183 2022 1385 2080 Hirschfeldius

286 2111 409 2166 restituit
425 2112 548 2168 scribens
569 2113 688 2180 ,omisso
706 2111 849 2167 tribunatu
873 2110 1046 2180 militari“²);
1070 2116 1175 2166 restant
1198 2111 1285 2180 igitur
1305 2117 1385 2180 ,post

289 2195 493 2268 quaesturam“.
513 2199 677 2269 Quicunque
689 2203 782 2254 autem
794 2198 862 2254 illud
875 2199 1045 2254 enuntiatum
1057 2199 1132 2267 legit,
1152 2198 1286 2254 concedet
1297 2196 1384 2252 verbs

290 2301 358 2354 ,om
371 2285 435 2341 trib.
445 2283 515 2341 mil.“
526 2287 555 2341 in
564 2283 618 2342 fine
627 2285 720 2355 posita
729 2285 895 2354 claudicare,
905 2285 1002 2340 melius
1014 2291 1107 2340 autem
1115 2285 1269 2353 procedere
1278 2289 1383 2340 senten-

286 2372 353 2427 tiam
377 2371 402 2428 si
426 2373 571 2430 scribimus
596 2377 791 2444 „quaesturam
813 2372 915 2428 omisso
940 2371 1082 2427 tribunatu
1107 2370 1219 2425 militari
1237 2370 1384 2440 diligenter

287 2456 370 2527 egit“.
393 2459 466 2525 Quid
483 2461 579 2530 igitur,
597 2461 621 2516 si
640 2459 702 2529 quis
721 2459 894 2515 contenderit
910 2459 958 2513 illa
975 2459 1061 2515 verba
1078 2458 1203 2514 mutilata
1220 2457 1338 2526 primurn
1355 2458 1383 2511 in

288 2546 441 2616 archetypo
458 2547 641 2603 describendo
660 2547 840 2613 intercidisse,
859 2552 958 2614 postea
975 2547 1004 2601 in
1021 2547 1145 2616 margine
1163 2545 1305 2613 adscripta
1322 2560 1383 2599 esse

288 2633 390 2688 additis
407 2633 500 2690 verbis
521 2639 601 2703 ,post
619 2631 820 2704 quaesturam“,
845 2633 946 2712 quibus
964 2633 1058 2700 locus,
1084 2649 1140 2702 quo
1165 2632 1213 2686 illa
1236 2630 1383 2686 inserenda

288 2724 388 2787 essent,
407 2719 632 2789 significaretur?

356 2805 483 2878 Denique
499 2807 634 2862 Buebelio
660 2806 808 2862 offensioni
831 2805 898 2874 fuit,
924 2806 1001 2877 quod
1020 2805 1122 2861 Severo
1141 2809 1258 2874 propter
1272 2804 1383 2860 bellum

287 2890 439 2946 Mauricum
456 2908 508 2960 pro
526 2893 642 2948 Baetica
659 2893 788 2948 Sardinia
807 2893 953 2948 commissa
970 2908 1032 2948 esse
1049 2892 1159 2947 dicium.
1197 2892 1307 2961 ,ouidi
1335 2891 1383 2946 Se·

287 2993 370 3034 verus
388 2979 440 3034 nisi
458 2980 630 3048 provinciam
649 2979 684 3035 ab
702 2978 829 3035 hostibus
848 2978 996 3035 defendere
1019 2980 1127 3048 potuit,
1152 2994 1202 3034 cur
1226 2977 1383 3048 praefectus

288 3065 450 3133 provinciae
463 3064 554 3122 factus
573 3063 653 3121 est?“
672 3063 846 3121 Praefectum
864 3082 924 3121 eum
943 3083 999 3121 non
1016 3064 1102 3121 inisse
1117 3081 1203 3134 supra
1221 3064 1382 3120 monuimus.

288 3151 345 3207 Sed
363 3152 430 3222 quid
448 3153 488 3207 rei
506 3153 551 3221 sit,
569 3153 729 3209 iamdudum
746 3153 799 3208 viri
817 3153 895 3208 docti
913 3151 1150 3222 permensione).
1174 3151 1284 3206 Marcus
1303 3150 1382 3218 enim,

287 3244 321 3293 ut
338 3237 491 3308 solebet4),
514 3240 587 3295 bello
605 3240 653 3295 illo
672 3245 770 3296 exorto
789 3240 975 3308 provinciam,
994 3255 1065 3308 quac
1084 3254 1118 3294 eo
1136 3253 1225 3308 usquc
1243 3237 1384 3294 senatoria

287 3324 348 3394 fuit,
366 3325 571 3395 imperatoriam
588 3326 669 3395 fecit3
687 3327 789 3396 itaque,
800 3343 861 3382 cum
871 3331 1034 3396 quaestores
1052 3326 1080 3381 in
1098 3325 1249 3394 provinciis
1264 3326 1381 3392 impera·

287 3413 358 3467 toris
376 3429 432 3468 non
449 3419 553 3482 essent,
572 3413 676 3469 Severo
694 3412 823 3468 Sardinia
840 3414 945 3469 tradita
962 3419 1013 3469 est.

349 3499 408 3554 Iam
417 3515 479 3556 cum
488 3517 585 3556 ornnes
594 3499 772 3556 difficultates
781 3500 951 3569 evanuerint,
960 3500 1058 3569 paucis
1067 3499 1143 3567 illud,
1154 3499 1231 3568 quod
1240 3503 1382 3566 postremo

288 3585 353 3640 loco
370 3585 520 3642 Ruebelius
539 3587 687 3657 opposuit,
705 3587 856 3643 absolvam.
887 3587 964 3654 Quae
982 3587 1052 3642 enim
1069 3586 1111 3654 II,
1136 3586 1205 3639 6-9
1229 3589 1383 3651 narrantur,
1413 3587 1416 3592 ’

288 3672 369 3728 nimis
387 3673 414 3728 ei
431 3671 561 3730 fabulosa
576 3674 705 3730 videntur
718 3690 800 3744 quam
817 3680 849 3730 ut
860 3675 949 3728 llario
961 3673 1081 3730 Maximo
1094 3673 1179 3730 tribui
1191 3671 1308 3741 possint.
1327 3669 1383 3725 Sed

288 3759 349 3815 sive
365 3774 433 3816 vera
450 3766 516 3816 sunt
531 3761 587 3830 illa,
606 3777 678 3832 quae
696 3761 731 3817 de
749 3762 811 3818 cive
828 3761 976 3830 Leptitana
995 3759 1114 3818 hiatibus
1132 3776 1214 3816 caeso
1227 3763 1382 3824 usmantur,

361 3932 380 3986 ¹)
394 3935 480 3987 Zumpt,
493 3934 571 3977 Studia
583 3933 681 3976 &mana
694 3947 715 3985 p.
731 3934 769 3974 143
783 3946 812 3984 s.;
826 3934 916 3976 Schulte
932 3945 953 3985 p.
969 3936 1005 3984 1⁰3
1019 3933 1199 3983 noctuarum.

360 4001 380 4055 ἵ)
393 4005 527 4054 Quamquam
540 4004 660 4055 Eutropius
672 4005 734 4056 vm,
748 4006 773 4045 18
787 4015 835 4044 eum
849 4005 959 4045 tribunum
972 4005 1089 4045 militarem
1103 4003 1172 4043 iulus
1185 4007 1302 4043 asseverat.

360 4069 379 4123 ⁸)
393 4073 478 4128 Zumpt,
492 4075 548 4115 stud
563 4074 618 4115 Rom
631 4085 652 4124 p.
667 4075 711 4114 144.
741 4074 840 4115 Hosiuer
853 4085 874 4124 p.
890 4075 921 4115 54.
949 4075 1016 4115 Klein
1029 4085 1050 4124 p.
1065 4071 1148 4126 uafro

359 4140 379 4194 ⁴)
393 4141 429 4187 Gi.
442 4144 511 4186 Murci
523 4143 630 4186 Antonini
643 4144 696 4195 phil.
711 4145 749 4186 vlt.
764 4153 781 4184 c
794 4143 865 4197 xxn,
880 4148 891 4191 t
905 4146 932 4185 9:
946 4145 1074 4186 Provincias
1087 4153 1115 4184 ex
1128 4142 1317 4193 proconsularium
1330 4152 1379 4182 con-

395 4216 518 4255 consulares
530 4218 568 4255 aut
582 4225 608 4256 ex
623 4215 771 4256 consularibus
784 4217 947 4266 proconsulares
969 4218 1007 4256 aut
1020 4215 1140 4266 praetorias
1154 4224 1194 4264 pro
1215 4213 1269 4254 belll
1289 4213 1381 4253 nosemi-

394 4288 439 4326 tato
453 4285 512 4326 feeit

1530 4311 1535 4339 “⁴
1534 4090 1551 4298 Στὲεῑτῑτ-ᾷκ
1530 3731 1553 4075 τᾼῑ--τ-π-τςῆῑῖ
1534 3599 1552 3711 n
