3112 4874
710 395 751 458 17

186 595 318 644 autumno
342 589 405 643 anni
429 589 480 643 128
503 587 531 642 11
549 587 645 642 Africa
668 586 768 656 fuisse,
787 605 821 644 er
840 588 893 642 alia
905 587 923 654 ¹)
942 593 1033 643 autem
1046 588 1190 660 discamus
1208 607 1279 646 anno

186 677 306 730 racana
324 679 470 730 certenon
492 675 576 729 multo
601 680 664 728 ante
687 690 749 728 eum
773 674 881 743 Syriam
904 675 1105 742 permigrasse,
1125 692 1158 730 ex
1177 677 1281 743 tertia²)

186 763 305 832 denique
322 766 433 818 statuae
450 761 599 816 Memnonis
618 762 705 816 incisa
723 767 858 830 appareat
876 777 900 815 a.
920 762 946 815 d.
964 761 1019 815 XII
1037 761 1092 817 kal.
1105 763 1172 818 Deo.
1191 781 1216 818 a.
1230 765 1282 817 130

186 867 214 919 p.
234 849 296 904 Chr.
315 865 377 904 eum
396 850 423 903 in
440 849 575 917 Aegypto
593 853 734 902 versatum
761 865 836 915 esse,
864 864 879 902 e
904 849 1010 902 collatis
1034 849 1110 904 hisce
1132 851 1220 906 tribus
1244 851 1283 904 in·

187 936 384 1004 scriptionibus
409 935 562 1003 colligimus
587 935 684 989 iterum
708 935 878 989 Hadrianum
896 935 1020 991 Athenas
1044 937 1153 992 venisse
1174 939 1283 994 circiter

188 1037 213 1077 a.
232 1023 291 1077 129.
327 1023 447 1076 Primum
464 1022 551 1090 igitur
568 1021 685 1077 Athenis
704 1027 887 1076 commoratus
906 1028 949 1076 est
967 1038 990 1078 c.
1008 1037 1033 1078 a.
1052 1024 1111 1078 126.

258 1108 313 1163 Sed
330 1109 399 1164 haec
417 1109 559 1164 hactenus.
595 1110 753 1165 Redeamus
772 1109 808 1162 ad
827 1109 1009 1178 Spartianum.
1045 1110 1120 1165 Inter
1142 1126 1188 1179 ea,
1208 1127 1280 1182 quae

188 1195 216 1248 in
242 1194 377 1264 Aegypto
410 1197 586 1264 acciderunt,
612 1197 694 1251 etiam
718 1213 794 1253 mors
822 1196 950 1264 Antinoi,
984 1211 1066 1265 quem
1093 1213 1209 1265 puerum
1235 1199 1282 1254 im·

188 1287 302 1349 perator
326 1283 355 1337 in
380 1283 485 1339 deliciis
510 1284 608 1338 habuit
629 1289 822 1352 mortuumque
845 1284 959 1337 multum
982 1283 1142 1351 honoravit,
1168 1301 1282 1340 comme-

189 1369 321 1423 moranda
338 1367 405 1436 fuit3
426 1369 521 1438 itaque
539 1386 593 1424 non
612 1370 709 1424 dubito
727 1371 803 1437 XIV,
823 1369 839 1422 5
859 1369 1026 1436 „Antinoum
1043 1387 1131 1437 suum,
1150 1371 1215 1425 dum
1232 1387 1283 1440 per

190 1455 279 1510 Nilum
298 1457 421 1524 navigat,
439 1457 570 1524 perdidit,
590 1473 671 1526 quem
688 1457 858 1512 muliebriter
876 1455 967 1511 flevit“
988 1457 1090 1524 eidem,
1110 1459 1155 1511 cui
1176 1465 1284 1513 antece-

189 1541 291 1608 dentia,
307 1541 377 1597 fonti
390 1545 541 1611 assignare.
561 1543 664 1598 Contra
677 1545 712 1598 de
725 1547 739 1606 ἓ
752 1546 768 1598 6
783 1550 811 1598 11
824 1545 848 1611 1,
861 1543 908 1598 ubi
921 1560 1059 1598 rumorum
1072 1544 1107 1598 de
1120 1545 1284 1599 miraculosa

189 1629 303 1682 Antinoi
322 1631 529 1685 consecratione
543 1637 571 1686 11
583 1632 618 1684 11
631 1631 777 1686 libidinoso
793 1631 926 1686 Hadriani
945 1647 1037 1686 amore
1055 1632 1284 1699 pervulgatorum

191 1715 291 1770 mentio
310 1717 428 1784 inicitur,
447 1718 575 1772 nonnulla
594 1719 677 1772 etiam
694 1719 730 1772 de
749 1719 825 1773 cultu
848 1718 920 1773 illius
944 1718 1025 1786 pueri
1048 1719 1201 1785 adduntur,
1220 1736 1284 1774 num

193 1801 265 1856 idem
283 1802 416 1871 profitear
433 1804 516 1859 valde
534 1803 660 1872 ambigo,
679 1821 740 1859 cum
764 1804 807 1859 his
831 1805 899 1873 ipsis
922 1804 1106 1873 paragraphis
1131 1805 1231 1860 sensim
1249 1806 1285 1860 ad

191 1891 271 1944 aliam
288 1897 396 1959 partem
415 1891 625 1945 transducamur
644 1896 673 1944 11
690 1891 801 1960 saepius
820 1908 879 1960 nos,
898 1891 946 1946 uhi
963 1893 1096 1947 transitus
1109 1890 1141 1946 lit
1152 1893 1189 1948 ad
1202 1893 1284 1946 alium

190 1974 301 2044 sontem,
319 1977 436 2045 parvula
454 1975 542 2031 frusta
559 1977 724 2046 interposita
741 1978 911 2033 inveniamus
922 1977 951 2044 ³).

258 2064 365 2130 XIV,8
383 2064 454 2118 enim
471 2065 525 2120 iam
542 2081 644 2120 novum
662 2069 823 2132 excerptum
840 2064 993 2119 secundum
1005 2064 1087 2118 alium
1104 2064 1209 2120 fontem
1222 2082 1284 2121 con-

190 2148 293 2204 fectum
312 2151 441 2218 exordiri,
459 2151 523 2206 inde
541 2150 622 2206 facile
641 2167 808 2219 cognosces,
827 2152 903 2221 quod
918 2151 1079 2219 Spartianus
1101 2153 1285 2208 narrationem

192 2237 319 2292 itinerum
337 2238 458 2292 nondum
476 2239 512 2292 ad
531 2237 612 2292 finem
630 2239 794 2306 perductam
811 2238 856 2291 hio
874 2238 1013 2306 abrumpit
1038 2245 1067 2292 et
1090 2240 1198 2308 potius,
1218 2257 1287 2308 quas

192 2323 349 2378 Hadrianus
374 2330 448 2378 artes
474 2325 599 2380 calluerit
623 2325 780 2394 quibusque
806 2323 890 2378 fuerit
913 2324 1051 2392 moribus,
1069 2324 1130 2380 fuse
1149 2340 1288 2393 exponere

191 2410 356 2477 ingreditur.
392 2411 469 2477 Quae
492 2411 630 2480 propositi
654 2411 770 2466 mutatio
795 2417 839 2480 ut,
856 2411 983 2480 quamvis
1006 2411 1074 2466 lenis
1092 2411 1129 2466 sit
1145 2413 1287 2478 transitus,

192 2495 300 2550 nonnisi
317 2497 496 2553 somniantem
513 2499 644 2553 lectorem
662 2499 786 2567 effugere
804 2504 914 2567 potest,
931 2497 970 2552 itu
993 2514 1072 2552 nemo
1094 2515 1148 2552 non
1166 2499 1287 2552 animad-

193 2583 278 2637 vertit
300 2583 382 2638 huius
405 2585 470 2639 novi
491 2583 575 2640 fontis
599 2585 797 2655 proprietatem
822 2585 850 2639 in
867 2585 1003 2654 principio
1021 2585 1146 2653 excerpti
1171 2585 1286 2638 maxime

177 2670 383 2744 conspicuam,
402 2672 466 2726 dico
490 2674 627 2728 cumulum
650 2673 896 2742 superlativorum
924 2673 1052 2728 attendas
1077 2673 1147 2727 enim
1172 2672 1289 2740 111111,

300 2863 422 2902 1111111111
436 2865 545 2916 province,
559 2861 587 2903 ob
601 2860 758 2912 iln'dtaitpas
772 2859 845 2903 tombd
866 2861 927 2903 d'eau
949 2865 1024 2913 depuis
1043 2865 1055 2903 5
1076 2876 1131 2916 ans,
1150 2865 1172 2904 lc
1189 2863 1240 2912 jour
1261 2863 1287 2902 de

299 2943 338 2972 son
352 2928 441 2972 1111111.
469 2933 488 2971 11
502 2933 549 2972 faut
562 2934 617 2972 donc
630 2934 703 2982 placer
721 2934 744 2972 la
757 2933 807 2972 date
822 2933 848 2972 de
861 2931 941 2972 l'ordre
955 2934 983 2972 du
995 2933 1058 2985 jour,
1073 2934 1125 2974 dont
1139 2934 1156 2972 il
1175 2931 1238 2982 s²agit
1246 2962 1253 2985 ,
1267 2936 1290 2972 11

301 3001 329 3040 11
345 2998 417 3052 sejcur
431 3001 550 3042 d¹Hadricn
564 3014 591 3042 11
605 2988 697 3052 Afrique
712 3002 767 3042 dans
780 3000 896 3042 l’automne
911 3002 937 3042 11
951 3001 996 3042 l’an
1010 3005 1048 3043 128
1062 3014 1089 3042 11
1103 3006 1153 3052 pius
1167 3002 1221 3043 tard.

271 3071 289 3123 ¹)
303 3073 336 3112 Le
349 3073 392 3112 Bas
406 3077 429 3112 et
442 3071 600 3124 Waddington,
614 3073 703 3121 Voyagc
716 3083 736 3121 p.
751 3072 808 3112 2585.
836 3073 876 3112 Est
896 3072 1010 3122 bilinguis,
1025 3075 1046 3112 11
1059 3073 1148 3120 Syriaca
1171 3076 1192 3111 ct
1206 3072 1289 3113 Graece

299 3143 424 3194 composita,
439 3143 461 3180 in
475 3144 581 3182 honorem
597 3133 653 3182 ¹civis
667 3142 776 3182 cuiusdam
790 3142 929 3192 Palmyreni,
944 3143 980 3190 qui
999 3143 1022 3180 in
1036 3142 1171 3181 Hadrianum
1184 3152 1225 3191 per
1238 3141 1288 3181 Pal-

301 3223 385 3260 myram
403 3213 445 3251 iter
465 3211 581 3251 facientem
596 3211 716 3252 officiosum
730 3222 752 3251 11
766 3212 901 3261 praebuerat.
929 3211 1006 3250 Annus
1020 3211 1083 3260 Syrio
1101 3215 1204 3252 contextu
1225 3211 1288 3251 datur

299 3283 337 3321 442
351 3281 525 3332 Seleucidarum,
539 3282 576 3329 qui
596 3283 673 3331 incipit
693 3281 821 3322 11111011.
836 3282 879 3321 130.
906 3282 976 3328 quam
995 3282 1158 3330 inscriptionem
1173 3292 1221 3320 eum
1240 3285 1289 3330 post

300 3351 404 3399 principis
417 3353 532 3390 transitum
545 3362 616 3399 neque
629 3355 703 3391 tamen
716 3354 783 3391 multo
797 3355 846 3400 post
860 3354 971 3392 1111111111
987 3361 1032 3390 esse
1043 3362 1129 3391 necesse
1140 3352 1174 3403 sit,
1184 3353 1288 3402 sequitur,

302 3423 327 3459 ut
340 3421 464 3460 Hadrianus
478 3423 515 3460 ant
528 3422 591 3460 initio
608 3423 661 3460 anni
675 3423 720 3474 130,
734 3423 756 3462 id
771 3421 828 3471 quod
841 3422 895 3461 mihi
909 3423 977 3470 magis
991 3422 1068 3470 placet,
1078 3424 1123 3471 aut,
1136 3424 1161 3459 11
1169 3419 1287 3470 Wadding-

301 3493 339 3529 ton
353 3490 429 3542 voluit,
443 3502 460 3530 a.
476 3491 513 3530 129
527 3491 550 3529 11
566 3489 630 3538 Syria
643 3495 741 3531 versatus
754 3493 788 3531 111,

269 3559 288 3610 2)
302 3561 342 3600 Est
354 3561 378 3598 in
391 3559 413 3599 O.
428 3561 445 3598 1.
459 3560 485 3601 G.
500 3572 520 3599 n.
535 3561 593 3612 4127,
608 3561 635 3600 ad
649 3572 713 3609 quam
728 3562 770 3601 alia
783 3561 895 3608 inscriptio
905 3559 1037 3599 conferenda
1051 3563 1083 3599 est
1097 3572 1117 3598 n.
1130 3559 1181 3599 4125
1195 3560 1285 3608 signata.

301 3630 357 3670 Sunt
366 3641 441 3670 versus
454 3630 575 3670 Memnonis
589 3633 674 3671 statuae
695 3631 807 3680 insculpti,
822 3630 900 3678 quihus
920 3631 1004 3678 poetria
1025 3629 1131 3678 quaedam
1151 3639 1163 3668 c
1187 3629 1290 3667 comitatu

299 3699 393 3740 Sabinae
413 3697 523 3748 Augustae
543 3704 634 3742 testatur
655 3705 677 3740 et
696 3701 833 3741 Hadrianum
854 3703 876 3739 et
894 3700 998 3740 Sabinam
1017 3701 1154 3738 Memnonem
1174 3702 1289 3740 sonantem

302 3771 420 3820 audivisse;
449 3770 519 3810 altera
537 3772 588 3810 4121
609 3771 695 3821 edocet,
715 3771 819 3812 Sabinam
841 3771 875 3811 die
896 3771 998 3810 vicesimo
1026 3773 1103 3817 quarto
1130 3770 1211 3808 mensis
1228 3768 1286 3816 Atyr

301 3841 353 3880 anni
375 3841 445 3889 quinti
467 3840 545 3880 decimi
564 3842 651 3891 imperii
672 3841 779 3881 Hadriani
797 3843 810 3882 i.
825 3851 843 3881 c.
859 3853 877 3881 a.
892 3841 911 3880 (1
926 3839 970 3879 XII
988 3841 1031 3880 kal.
1047 3840 1099 3879 Dea
1114 3850 1132 3878 a.
1147 3841 1185 3879 130
1198 3850 1219 3888 p.
1238 3838 1288 3878 Chr·

300 3913 394 3950 statuam
407 3912 489 3951 visisse.

270 3979 290 4032 ³)
303 3982 374 4021 Huius
387 3991 437 4021 usus
451 3983 552 4030 exempla
564 3982 632 4021 habes
646 3981 691 4034 IV,
709 3983 785 4030 8-1ος
799 3980 845 4031 XI,
858 3982 909 4020 4-1
924 3983 947 4020 11
959 3980 1031 4032 infra,
1050 3983 1075 4018 11
1088 3978 1214 4031 ostendam,
1228 3978 1288 4031 XVI,

302 4051 359 4091 t-e.
386 4051 430 4090 Res
443 4053 495 4091 satis
509 4052 564 4091 mira
578 4052 609 4091 lta
622 4051 758 4100 expedienda
771 4051 825 4090 mihi
838 4051 938 4091 videtur:
952 4052 1080 4100 Spartianus
1094 4051 1186 4090 auctoris
1200 4050 1289 4088 alicuius

302 4123 422 4171 pertaesus,
435 4122 475 4162 sed
489 4122 566 4162 dubius
580 4123 653 4172 etiam,
667 4122 753 4161 cuinam
767 4133 790 4161 se
805 4123 905 4172 applicet,
920 4122 992 4161 fontes
1012 4133 1061 4161 suos
1080 4122 1199 4170 perlustrat
1213 4124 1235 4160 11
1250 4131 1290 4170 per

302 4193 437 4233 occasionem
449 4193 502 4232 hinc
515 4194 576 4232 illinc
589 4191 671 4241 aliquid
685 4191 821 4242 desumptum
834 4194 858 4232 in
871 4203 933 4233 usum
948 4203 1011 4231 sunm
1024 4193 1140 4241 convertit,
1161 4191 1230 4230 donec
1244 4190 1288 4229 ido·

302 4273 366 4302 neum
380 4263 422 4303 sibl
435 4264 500 4312 elegit
514 4267 632 4304 auctorem.
679 4308 688 4322 .-

1167 4333 1184 4385 2
