3118 4882
745 440 766 506 9

699 529 800 542 ὁ*

204 652 237 692 ea
255 651 363 705 semper
381 636 478 705 regula
495 636 615 692 tenenda
633 641 683 703 est,
701 652 735 692 ne
752 637 845 705 plures
864 642 1018 692 statuamus
1036 635 1126 694 fontes
1145 653 1227 706 quam
1252 653 1296 693 res

204 724 267 792 ipsa
284 723 442 778 necessario
460 723 591 791 postulat.

273 810 382 877 Restat,
400 816 432 864 ut
449 813 590 862 auctorem
609 814 740 876 quattuor
763 811 886 878 priorum
909 811 1149 880 paragrapborum
1173 827 1196 865 e.
1216 809 1288 878 VH!

205 925 238 934 -
256 899 272 958 ἓ
290 896 307 950 5
324 896 396 951 enim
413 896 513 950 iterum
530 895 606 950 aliud
624 901 786 965 excerptum
803 896 900 964 incipit
917 925 951 933 -
968 913 1041 951 nunc
1059 898 1250 966 designemus,
1268 897 1298 951 id

204 983 280 1052 quod
298 998 444 1052 possumus
464 983 559 1050 exeis,
578 997 650 1050 quae
669 982 704 1036 de
716 997 769 1036 usu
787 981 918 1037 librorum
927 983 1061 1039 Hadriani
1072 1000 1158 1052 supra
1170 983 1299 1051 exposui·

204 1086 274 1125 mus.
310 1070 379 1124 Nam
397 1069 421 1124 si
438 1085 469 1124 re
487 1085 554 1124 vera
571 1069 670 1123 notitia
687 1068 759 1125 illius
778 1070 852 1124 vitae
871 1069 907 1125 ab
925 1070 986 1138 ipso
1004 1071 1171 1139 imperatore
1190 1069 1297 1125 confec-

205 1163 252 1211 tae
270 1173 321 1225 per
339 1155 453 1210 Marium
471 1155 619 1210 Maximum
637 1156 673 1210 ad
688 1155 798 1210 Aelium
811 1155 987 1224 Spartianum
999 1157 1134 1225 pervenit,
1147 1156 1239 1230 VH,2
1253 1162 1300 1224 ,ut

206 1245 267 1312 ipse
286 1243 334 1307 (se.
353 1242 521 1308 Hadrianus)
539 1242 567 1297 in
585 1243 643 1297 vita
661 1259 712 1297 sua
730 1241 813 1297 dicit“
830 1244 870 1298 -ad
887 1249 1075 1312 praestantem
1097 1245 1174 1298 illum
1196 1241 1300 1298 fontem

207 1347 257 1385 nos
276 1331 431 1397 deducunt,
451 1345 522 1398 quae
541 1329 678 1384 sententia
696 1335 842 1398 praeterea
865 1347 968 1399 genere
987 1330 1096 1386 dicendi
1120 1330 1219 1385 muniri
1237 1329 1301 1384 mihi

207 1417 326 1472 videtur.

278 1505 337 1558 Iam
354 1520 422 1559 vero
440 1508 588 1572 postquam
610 1503 817 1572 perspeximus,
837 1505 976 1572 quomodo
999 1510 1060 1559 tota
1082 1505 1111 1558 in
1134 1502 1186 1557 hac
1210 1518 1302 1558 narra-

207 1591 282 1645 tione
300 1591 413 1646 diversa
431 1590 567 1659 permixta
585 1595 671 1659 atque
689 1588 803 1644 confusa
827 1590 882 1645 sint
905 1607 960 1646 uon
983 1592 1078 1659 adest,
1100 1607 1149 1646 cur
1172 1591 1302 1644 miremur

208 1693 268 1733 eam
286 1693 369 1746 quam
387 1678 504 1732 maxime
524 1693 585 1732 esse
603 1677 802 1746 perturbatam.
839 1677 935 1746 Neque
959 1684 1064 1746 tamen,
1084 1694 1146 1732 cum
1170 1676 1302 1744 singulos,

209 1780 224 1818 e
243 1764 343 1832 quibus
362 1765 554 1820 consarcinata
572 1769 623 1832 est,
642 1764 804 1832 panniculos
823 1764 1110 1833 discriminaverimus,
1130 1761 1242 1819 difficile
1260 1768 1304 1818 est

209 1851 350 1921 expeditu,
370 1867 425 1920 quo
442 1852 574 1920 temporis
594 1851 690 1906 ordine
708 1867 752 1906 res
770 1851 841 1907 inter
859 1869 921 1908 sese
937 1853 1085 1922 excipiant.
1104 1851 1173 1906 Cum
1186 1849 1302 1903 Hadria-

207 1953 260 1992 nus
279 1954 313 1994 eo
337 1944 476 2008 tempore,
502 1954 557 2007 quo
581 1938 718 1994 coniurati
740 1939 778 1992 illi
802 1955 907 2007 poenas
931 1939 1048 2006 dabant,
1067 1939 1157 1993 Roma
1180 1937 1299 2002 abesset,

207 2025 355 2081 verisimile
373 2032 424 2093 est,
442 2025 556 2081 insidias
570 2025 600 2080 ei
618 2025 645 2080 in
663 2025 795 2081 Moesiam
812 2026 853 2080 ire
872 2026 1049 2081 contendenti
1066 2025 1094 2080 in
1117 2025 1179 2093 ipso
1202 2023 1300 2078 itinere

207 2112 314 2180 positas
333 2127 403 2167 esse.
440 2111 493 2176 uui
510 2112 579 2167 illud
598 2112 741 2167 consilium
758 2110 907 2168 frustratus
934 2113 988 2167 iter
1006 2111 1177 2167 continuavit
1201 2125 1304 2178 eosque

209 2199 317 2254 senatui
335 2199 490 2268 puniendos
508 2199 627 2268 reliquit.
663 2199 707 2254 Ita
731 2199 755 2254 si
772 2215 817 2254 ras
837 2199 1021 2269 disponimus,
1039 2199 1069 2253 id
1087 2213 1198 2267 quoque
1219 2196 1304 2265 expli-

209 2291 296 2353 catur,
315 2286 453 2354 quomodo
472 2285 601 2353 princeps
619 2299 650 2339 se
667 2285 759 2352 ipsum
777 2300 912 2340 excusans
930 2291 1018 2338 totam
1039 2284 1098 2340 eius
1117 2285 1157 2338 rei
1174 2282 1305 2337 invidiam

209 2373 237 2426 in
261 2378 386 2427 senatum
410 2371 610 2439 Attiannmqne
620 2370 639 2436 1)
665 2370 791 2425 conicere
809 2371 944 2439 potuerit,
964 2386 1025 2425 cum
1043 2370 1082 2424 illi
1099 2370 1240 2424 Hadriano
1258 2369 1305 2424 ab·

209 2462 288 2514 sente
306 2473 411 2526 poenas
431 2457 540 2511 executi
559 2461 659 2512 essent.
680 2455 740 2521 Qua
759 2457 869 2525 quidem
887 2473 917 2512 re
936 2457 1058 2526 ambigui
1070 2457 1204 2511 Hadriani
1215 2471 1305 2511 mores

209 2543 396 2612 illustrantur3
414 2559 477 2598 cum
495 2544 566 2598 enim
584 2543 759 2599 adversarios
778 2560 844 2600 suos
863 2545 898 2600 de
916 2545 1007 2600 medio
1022 2543 1082 2600 tolli
1103 2548 1226 2612 cuperet,
1239 2558 1305 2610 poe·

210 2645 281 2697 uam,
295 2646 377 2699 quam
394 2630 496 2686 talibus
515 2630 672 2686 criminibus
692 2631 871 2686 constitutam
890 2647 951 2687 essa
963 2631 1051 2700 probe
1069 2630 1177 2685 noverit
1192 2644 1307 2684 necesse

210 2723 261 2784 est,
280 2734 334 2772 non
352 2717 483 2787 inhibuit,
501 2723 533 2772 ut
551 2723 644 2774 autem
662 2718 756 2773 odium
774 2718 837 2774 talis
855 2718 984 2788 supplicii
1000 2719 1035 2774 de
1053 2716 1228 2772 nobilissimis
1240 2715 1308 2770 viris

208 2804 311 2873 sumpti
329 2805 482 2874 effugeret,
509 2805 570 2874 ipse
588 2820 685 2861 manus
704 2804 853 2860 dificillimo
871 2805 924 2860 hoc
941 2805 1055 2874 negotio
1080 2803 1214 2859 abstinuit
1232 2817 1305 2857 cam-

209 2906 263 2959 que
286 2889 405 2947 fortasse
429 2890 466 2947 ob
490 2907 602 2948 causam
626 2892 653 2946 ln
675 2892 773 2948 itinere
797 2892 913 2948 libenter
939 2893 1071 2961 perrexit.
1105 2889 1213 2945 Deinde
1236 2903 1305 2943 vero

210 2995 272 3035 cum
290 2984 403 3034 senatus
421 2979 610 3048 Hadrianique
628 2980 709 3034 amici
727 2995 778 3036 sua
796 2985 895 3049 sponte
913 2979 974 3035 illos
989 2979 1113 3034 homines
1125 2976 1307 3046 punivissent,

183 3080 186 3084 ’
210 3071 300 3123 totum
318 3066 439 3121 invidiae
457 3083 527 3122 onus
546 3067 586 3122 eis
604 3067 728 3122 iniunxit.

280 3152 336 3208 Sed
361 3153 428 3221 quid
452 3158 562 3222 tempus
586 3153 614 3208 iu
637 3153 826 3209 describendis
844 3153 978 3208 Hadriani
1002 3151 1124 3207 moribus
1148 3156 1223 3216 ter0,
1248 3165 1310 3202 cum

211 3239 368 3298 difficiliora
386 3240 560 3309 expedienda
578 3241 732 3308 supersint!
757 3240 873 3294 Marium
892 3240 963 3295 euim
981 3238 1129 3292 Maximum
1148 3235 1310 3305 compilator

212 3343 265 3397 per
283 3328 414 3396 exiguum
431 3331 539 3382 tantum
557 3326 678 3394 spatium
696 3331 809 3381 secutus
827 3325 919 3380 subito
939 3326 967 3380 iu
984 3319 1002 3388 ξ’
1018 3325 1034 3379 5
1052 3322 1190 3390 deseruit,
1208 3323 1273 3377 inde
1294 3337 1311 3374 a

212 3431 268 3484 qua
285 3415 463 3484 paragrapho
482 3431 527 3470 res
545 3430 660 3482 prorsus
673 3413 800 3469 diversas
817 3411 942 3481 profarre
955 3412 1074 3468 incohat.
1093 3409 1195 3465 Fontes
1208 3413 1309 3474 autem,

214 3518 284 3571 quos
303 3501 395 3556 adhuc
412 3502 578 3572 detegimus,
597 3501 776 3569 perlustranti
794 3499 909 3556 dubium
926 3499 991 3554 mihi
1009 3507 1063 3554 nou
1081 3503 1133 3564 est,
1143 3496 1209 3564 quin
1227 3494 1309 3564 Spar-

215 3590 307 3645 tianus
325 3590 362 3644 ad
378 3588 495 3644 eundem
512 3588 588 3643 illum
599 3587 720 3642 aulicum
732 3587 894 3642 historicum
906 3586 1060 3654 reverterit,
1073 3585 1151 3640 cuius
1163 3582 1311 3651 imaginem

213 3693 299 3746 supra
317 3675 482 3732 adumbrare
504 3681 620 3730 conatus
638 3691 708 3730 sum.
743 3675 848 3730 Eadem
866 3669 937 3729 enim
955 3673 1049 3742 signa,
1068 3687 1140 3741 quae
1163 3671 1202 3726 ibi
1228 3671 1310 3725 deno-

215 3765 348 3832 tavimus,
370 3763 415 3819 hic
440 3763 565 3818 redeunt.
596 3762 639 3816 Ac
657 3761 775 3830 primum
799 3762 909 3830 quidem
933 3759 1081 3830 peculiaris
1105 3759 1150 3814 ille
1174 3755 1328 3812 referendi

216 3852 291 3906 color
309 3850 535 3920 recognoscitur,
553 3850 589 3906 de
608 3864 663 3918 quo
688 3864 772 3917 supra
790 3847 955 3918 explicatius
979 3846 1112 3909 diximus;
1138 3844 1213 3900 haud
1231 3858 1312 3898 secus

216 3940 287 3994 enim
305 3943 389 4008 atque
407 3939 436 3992 in
455 3937 488 4004 V,
507 3937 576 3991 1-8
594 3941 623 3991 et
641 3937 688 4004 VI,
706 3936 776 3990 6-8
793 3934 839 3990 hic
854 3950 965 4004 quoqne
983 3935 1104 4003 scriptor
1122 3946 1228 3988 summa
1246 3929 1311 3985 deli-

216 4027 312 4097 gentia
334 4025 431 4081 enixus
456 4031 513 4092 est,
537 4029 569 4078 ut
593 4023 683 4078 omnia
707 4039 803 4092 presse
827 4021 966 4092 proferret
989 4021 1136 4090 ampliores
1161 4017 1312 4074 sententias

218 4122 424 4132 ---,.-.-.-.--

291 4163 308 4215 1)
322 4163 349 4204 ci.
369 4163 428 4215 v11,
441 4165 453 4204 2
468 4163 551 4215 „invito
565 4162 691 4213 Hadriano,
707 4165 731 4201 ut
746 4162 794 4212 ipse
807 4163 830 4201 ln
845 4162 892 4202 vita
913 4172 952 4202 sus
965 4159 1031 4212 dicit,
1052 4159 1117 4198 occisi
1131 4155 1194 4198 snut“
1207 4160 1230 4196 et
1249 4152 1315 4205 IX,3

325 4236 440 4284 „quattuor
459 4232 602 4272 consularium
623 4232 754 4282 occisorum,
774 4241 865 4281 quorum
879 4230 966 4280 quidem
986 4239 1062 4269 necem
1082 4229 1105 4267 iu
1119 4226 1204 4268 Attiani
1223 4225 1315 4266 consilia

321 4301 459 4354 refundebat,
475 4302 617 4353 premebatur
630 4298 733 4343 invldla“.
