3112 4874
770 431 813 497 14

239 625 329 696 probo
347 632 377 680 et
393 624 519 680 mendaci
535 623 621 680 fuisse
640 625 829 694 cognovimus.
865 624 921 680 Sed
939 639 1053 691 vereor,
1071 638 1106 678 ue
1123 637 1187 676 mox
1205 621 1233 676 in
1251 621 1333 676 aliam

240 718 348 782 partem
365 711 526 779 incidamus,
539 726 610 780 qaae
622 711 703 780 sigua
720 709 805 766 fonds
816 710 897 766 hand
904 710 992 765 miuus
1004 709 1117 778 maligni
1128 723 1196 777 prae
1208 723 1239 763 se
1251 706 1331 762 ierat.

311 797 389 864 Quae
407 814 469 852 cum
487 798 527 854 ita
544 799 607 865 siut,
620 798 725 868 oppido
743 798 878 866 gratulari
895 797 975 852 nobis
993 811 1148 866 possumus,
1162 795 1237 864 quod
1250 794 1332 864 Spar·

241 885 341 953 danem,
359 891 392 940 ut
408 885 528 953 videtur,
546 891 574 940 et
592 885 652 954 ipse
671 883 858 953 Improborum
872 884 988 939 istorum
1000 898 1156 938 sermonum
1168 880 1335 949 aniliumque

240 971 506 1028 narratIuncularum
529 977 674 1040 pertaesus
698 971 735 1026 ad
758 970 1025 1040 praestantissimum
1052 974 1193 1024 auctorem
1216 968 1265 1022 diu
1289 982 1334 1022 ne·

240 1056 362 1124 glectnm
380 1058 538 1113 revertitur.
566 1057 605 1113 'In
623 1074 647 1113 c.
665 1057 720 1112 XII
738 1057 809 1112 enlm
828 1057 943 1112 Marium
961 1055 1109 1110 Maximum
1125 1070 1222 1109 rursus
1246 1054 1335 1109 adsci-

241 1147 299 1198 tum
317 1160 380 1200 esse
397 1142 571 1200 manifestum
589 1150 633 1199 est
651 1160 685 1200 ex
703 1146 718 1206 S
735 1143 760 1211 4,
779 1143 827 1198 ubi
845 1144 869 1198 is
887 1142 1046 1198 nominatIm
1063 1141 1143 1196 testis
1165 1141 1333 1196 advocatur:

242 1234 289 1297 ,ut
306 1229 393 1286 verba
410 1231 472 1300 ipsa
489 1231 568 1300 ponit
585 1230 687 1286 ldarius
706 1228 865 1285 Maximus“.
903 1229 1031 1284 Ceterum
1049 1244 1084 1282 ne
1102 1229 1130 1282 iu
1150 1228 1203 1283 hoc
1222 1227 1334 1296 quidem

241 1317 333 1385 capite
351 1317 432 1372 deest
449 1317 667 1372 additamentum
694 1317 805 1372 aliunde
829 1316 956 1382 allatum,
975 1315 1051 1384 quod
1069 1314 1180 1383 quidem
1207 1312 1335 1368 facillime

241 1410 425 1472 segregatur,
453 1403 525 1471 XII,
554 1404 623 1458 6-8
652 1403 732 1470 dieo,
759 1403 807 1460 ubi
834 1402 997 1470 Spartianus
1024 1401 1180 1456 narratione
1206 1401 1334 1456 itinerum

242 1491 432 1546 molestissime
449 1491 605 1546 intermissa
622 1490 715 1546 subito
733 1490 761 1544 in
782 1489 940 1545 universum
959 1494 987 1542 et
1004 1504 1102 1557 parum
1121 1487 1250 1542 distIncte
1280 1487 1336 1554 (,In

241 1576 365 1646 plurimis
383 1575 467 1632 locIs“
483 1575 592 1645 ,alias“,
612 1574 814 1646 ,frequenter“)
828 1576 863 1631 de
881 1573 981 1631 finibus
1000 1575 1110 1630 munitis
1129 1581 1158 1629 et
1175 1590 1192 1628 a
1209 1571 1336 1629 barbaris

243 1661 363 1718 defensis
380 1662 515 1732 bellisque
534 1662 579 1717 hic
597 1663 652 1718 illie
670 1663 835 1732 compressis
855 1660 942 1718 verba
958 1661 1033 1717 iacit.
1069 1661 1166 1730 Neque
1185 1661 1263 1716 deest
1283 1677 1338 1716 una
1379 1681 1392 1698 ⁸

245 1767 279 1805 ex
297 1749 350 1804 illis
368 1747 491 1804 formulis
516 1749 705 1818 generalibus,
729 1765 798 1819 quas
823 1750 986 1819 compilator
1009 1749 1037 1804 in
1060 1749 1179 1804 transitu
1205 1747 1338 1804 adhibere

242 1837 321 1904 solet,
340 1837 422 1891 sicuti
440 1836 495 1905 IX,
514 1838 529 1890 1
550 1837 636 1904 ,inter
654 1834 749 1904 haec“,
767 1837 807 1892 ita
830 1837 875 1890 hic
894 1851 960 1904 ,per
984 1851 1018 1891 ea
1034 1831 1187 1902 tempora“.
1223 1833 1338 1888 Fontem

240 1929 342 1990 antem,
364 1938 531 1991 quamquam
549 1923 625 1992 quod
642 1922 800 1978 Hadrianus
818 1924 878 1978 solo
896 1923 1043 1991 conloquio
1061 1921 1220 1976 Parthicum
1237 1918 1338 1974 bellum

245 2009 411 2078 repressisse
420 2009 521 2064 dicitur
534 2009 602 2064 satis
614 2009 744 2065 bmudum
758 2009 922 2078 scriptorem
940 2009 1050 2077 resipit,
1068 2007 1242 2062 nihilomiuus
1264 2005 1337 2061 desi-

242 2111 329 2166 gnare
346 2111 401 2150 non
419 2095 517 2164 audeo,
536 2112 606 2163 oum,
625 2095 691 2164 quia
708 2096 911 2152 diversissimae
928 2096 1009 2151 simul
1026 2094 1152 2150 nationes
1170 2110 1225 2149 uno
1243 2099 1340 2147 tenore

243 2181 449 2252 producuntur,
468 2197 502 2237 ne
519 2181 548 2236 id
567 2182 677 2251 quidem
695 2181 861 2238 dubitationi
879 2189 1037 2252 exemptum
1061 2181 1111 2249 sit,
1129 2197 1194 2236 uum
1215 2180 1284 2234 haee
1303 2193 1338 2233 ex

241 2283 297 2322 uno
319 2267 410 2322 omnia
427 2267 504 2324 sonte
522 2269 642 2338 repetita
658 2269 721 2324 sint.

311 2354 370 2410 Nec
387 2355 476 2410 miuus
495 2362 578 2411 cauto
597 2355 699 2411 iudicio
718 2356 850 2411 utendum
874 2359 917 2410 est
935 2355 970 2410 de
989 2354 1144 2423 insequenti
1167 2353 1268 2423 capite.
1304 2353 1336 2408 In

243 2456 266 2496 e.
285 2441 354 2496 XIII
372 2442 443 2496 enim
462 2458 627 2511 quamquam
652 2442 803 2510 descriptio
827 2442 1020 2511 migrationum
1046 2441 1199 2496 continuari
1221 2440 1331 2495 videtur

241 2532 333 2583 tamen
350 2528 425 2584 hand
443 2529 501 2584 seio
519 2545 555 2583 an
573 2529 739 2598 epitomator
757 2529 795 2583 ad
806 2529 922 2583 Marium
934 2529 1082 2583 MaxImum
1100 2527 1220 2582 nondum
1242 2543 1333 2582 rever·

241 2615 315 2670 terit.
351 2614 502 2679 Quamnam
519 2614 590 2670 enim
607 2613 678 2670 hanc
701 2618 732 2669 ιιι
750 2615 820 2670 dicis
840 2615 1069 2684 perpetuitatem:
1088 2630 1104 2670 e
1121 2613 1264 2668 Britannia
1281 2614 1335 2668 Ha-

242 2700 354 2756 drIanus
373 2701 400 2756 in
418 2699 535 2756 Galliam
553 2699 627 2768 (XII,
646 2702 680 2769 1),
698 2701 761 2756 hinc
779 2702 806 2756 in
824 2701 972 2770 Hispanias
990 2701 1194 2770 transgreditur
1212 2699 1285 2766 (XII,
1299 2701 1336 2769 3),

240 2787 315 2842 unde
336 2787 429 2843 subito
453 2786 481 2841 in
504 2786 601 2842 Asiam
624 2793 721 2856 raptus
747 2803 798 2857 per
824 2789 928 2844 Insulas
951 2788 980 2842 in
1003 2787 1139 2842 Achaiam
1162 2787 1333 2855 provinciam

242 2871 410 2930 contendens
427 2871 582 2928 inducitur!
618 2873 694 2938 Quae
716 2872 876 2930 foedIssima
899 2865 997 2929 benna
1015 2875 1042 2929 in
1063 2873 1154 2929 media
1178 2872 1335 2927 narratione

242 2959 320 3014 hians
347 2958 412 3014 licet
429 2974 465 3014 ex
486 2973 521 3014 eo
545 2974 655 3028 quoque
679 2959 798 3015 deriuari
822 2961 926 3029 possit,
945 2961 1021 3030 quod
1044 2960 1208 3029 Spartianus
1231 2959 1300 3026 XII,
1322 2959 1338 3012 6

241 3045 357 3101 Marium
375 3045 536 3113 deseruerit,
555 3051 647 3101 tamen
664 3047 701 3101 ad
717 3045 802 3102 verba
815 3048 971 3115 ,Eleusinia
988 3063 1069 3103 sacra
1086 3048 1235 3114 exemplo
1254 3046 1334 3100 Her·

242 3133 332 3187 calls
351 3133 578 3201 Philippique
594 3133 719 3201 suscepit
737 3133 824 3200 (Xlll,
847 3136 881 3202 1),
900 3134 960 3190 sive
981 3150 1039 3190 rem
1062 3138 1173 3202 spectas
1196 3132 1256 3187 sive
1279 3130 1333 3187 ior·

241 3235 321 3287 mam,
339 3220 412 3275 ultro
431 3220 617 3288 comparanda
636 3235 667 3274 se
685 3219 805 3276 offerunt
822 3221 959 3275 slmilbma
970 3221 1035 3288 V‚3
1055 3219 1205 3287 ,exemplo
1217 3224 1250 3273 ut
1262 3218 1334 3273 dice·

241 3303 299 3373 bat,
317 3303 447 3360 catonis
466 3310 496 3360 et
507 3305 542 3370 X,
561 3307 578 3359 2
597 3306 738 3374 ,exemplo
756 3305 896 3376 Scipionis
908 3306 1054 3362 Aemiliani
1072 3311 1101 3362 et
1121 3301 1248 3372 Metelli“,
1267 3320 1339 3374 quae

244 3397 354 3448 exstant
379 3392 456 3461 apud
474 3392 695 3461 praedicatorem
712 3393 788 3447 illum
806 3392 949 3450 Hadriani.
968 3421 1001 3430 -
1019 3393 1077 3448 Iam
1095 3408 1170 3459 vero,
1188 3398 1221 3446 ιιι
1240 3392 1339 3447 modus

244 3476 439 3533 dIffieultatum
452 3479 610 3554 expleatur,
628 3479 656 3533 in
674 3482 688 3542 ξ
707 3479 724 3532 5
742 3479 834 3535 verbis
855 3495 921 3547 ,nec
940 3480 1085 3548 quisquam
1102 3477 1161 3535 fere
1184 3477 1339 3547 principum

241 3570 348 3620 tantum
371 3569 506 3620 terrarum
529 3569 586 3619 tam
609 3565 734 3622 celeriter
757 3564 943 3636 peragravit“,
964 3580 1050 3634 quae,
1073 3571 1106 3621 ut
1128 3570 1178 3620 aut
1206 3564 1234 3619 In
1260 3561 1337 3617 initio

242 3650 407 3707 narrationis
425 3651 553 3706 itinerum
571 3656 620 3706 aut
643 3651 671 3707 in
688 3651 742 3706 fine
766 3653 805 3708 ele
824 3653 901 3708 locus
919 3656 975 3718 est,
993 3651 1033 3706 ita
1056 3651 1082 3706 in
1101 3651 1192 3705 media
1215 3648 1337 3717 descrip-

241 3739 316 3794 tione
334 3737 498 3806 interposita
515 3752 626 3792 sensum
643 3754 698 3792 non
715 3736 825 3807 habent,
838 3744 928 3794 totum
946 3753 969 3793 c.
982 3738 1051 3793 XIII
1066 3737 1200 3794 dissecari
1211 3736 1337 3800 videtum

242 3839 314 3891 quae
338 3823 461 3892 suspicio
485 3823 567 3879 etiam
591 3830 710 3894 augetur
733 3825 888 3894 Insequenti
911 3825 1048 3892 particula
1073 3820 1224 3893 ,denique“
1249 3822 1275 3888 (ς
1299 3822 1336 3888 6),

243 3925 315 3978 quae
333 3910 401 3979 quid
418 3908 472 3965 sibi
496 3910 576 3978 velit,
595 3910 706 3980 saepius
731 3916 759 3966 et
782 3910 818 3966 ab
842 3911 902 3966 aliis
914 3911 933 3977 ¹)
952 3917 980 3966 et
998 3927 1016 3965 a
1032 3926 1076 3966 me
1093 3911 1261 3980 explicatum
1285 3913 1336 3963 est.

242 3997 321 4054 Unde
339 4001 432 4052 autem
449 3995 519 4052 haee
537 3998 623 4052 altera
641 4013 707 4066 pars
725 3997 789 4052 inde
807 4013 825 4051 a
842 3997 920 4066 XIII,
936 3999 954 4052 6
971 3997 1106 4067 originem
1123 3997 1222 4063 ducat,
1243 4001 1335 4051 utrum

241 4083 354 4138 siderio
372 4082 491 4138 llaxImo
501 4099 537 4138 an
546 4099 581 4140 ex
590 4084 644 4140 alio
653 4084 790 4152 scriptore
799 4084 1056 4153 ignoto,inineerto
1066 4082 1272 4153 relinquendum
1282 4087 1333 4137 est

317 4254 335 4310 ι)
348 4256 433 4297 Ruebel
446 4266 467 4306 p.
481 4257 500 4297 4.
