<?xml version="1.0" encoding="UTF-8"?>
<!DOCTYPE html PUBLIC "-//W3C//DTD XHTML 1.0 Transitional//EN"
    "http://www.w3.org/TR/xhtml1/DTD/xhtml1-transitional.dtd">
<html xmlns="http://www.w3.org/1999/xhtml" xml:lang="en" lang="en">
 <head>
  <title>
</title>
<meta http-equiv="Content-Type" content="text/html;charset=utf-8" />
  <meta name='ocr-system' content='tesseract 3.04.00' />
  <meta name='ocr-capabilities' content='ocr_page ocr_carea ocr_par ocr_line ocrx_word'/>
</head>
<body>
  <div class='ocr_page' id='page_1' title='image "./defontibusvitar00perigoog_0026.png"; bbox 0 0 3112 4874; ppageno 0'>
   <div class='ocr_carea' id='block_1_1' title="bbox 815 410 857 478">
    <p class='ocr_par' dir='ltr' id='par_1_1' title="bbox 815 410 857 478">
     <span class='ocr_line' id='line_1_1' title="bbox 815 410 857 478; baseline 0.071 -3"><span class='ocrx_word' id='word_1_1' title='bbox 815 410 857 478; x_wconf 90' lang='lat'><em>18</em></span> 
     </span>
    </p>
   </div>
   <div class='ocr_carea' id='block_1_2' title="bbox 217 605 1381 3719">
    <p class='ocr_par' dir='ltr' id='par_1_2' title="bbox 282 605 1381 2591">
     <span class='ocr_line' id='line_1_2' title="bbox 284 605 1381 676; baseline 0 -16"><span class='ocrx_word' id='word_1_2' title='bbox 284 607 300 668; x_wconf 99' lang='lat'>5</span> <span class='ocrx_word' id='word_1_3' title='bbox 318 605 336 660; x_wconf 91' lang='grc'><strong>8</strong></span> <span class='ocrx_word' id='word_1_4' title='bbox 352 605 466 660; x_wconf 73' lang='lat' dir='ltr'><em>statua</em></span> <span class='ocrx_word' id='word_1_5' title='bbox 482 605 696 662; x_wconf 57' lang='lat' dir='ltr'><em>studiosissimus</em></span> <span class='ocrx_word' id='word_1_6' title='bbox 709 605 900 673; x_wconf 80' lang='lat' dir='ltr'><em>peritissimus,</em></span> <span class='ocrx_word' id='word_1_7' title='bbox 918 607 933 667; x_wconf 92' lang='lat'>5</span> <span class='ocrx_word' id='word_1_8' title='bbox 951 605 968 658; x_wconf 88' lang='grc'>9</span> <span class='ocrx_word' id='word_1_9' title='bbox 986 605 1099 674; x_wconf 82' lang='lat' dir='ltr'><em>nimius,</em></span> <span class='ocrx_word' id='word_1_10' title='bbox 1117 608 1132 669; x_wconf 87' lang='lat'>5</span> <span class='ocrx_word' id='word_1_11' title='bbox 1151 607 1185 660; x_wconf 90' lang='grc'><em>10</em></span> <span class='ocrx_word' id='word_1_12' title='bbox 1200 606 1381 676; x_wconf 81' lang='lat' dir='ltr'><em>peritissimus</em></span> 
     </span>
     <span class='ocr_line' id='line_1_3' title="bbox 284 691 1379 760; baseline 0.001 -15"><span class='ocrx_word' id='word_1_13' title='bbox 284 693 492 760; x_wconf 61' lang='lat' dir='ltr'><em>scientissimum</em></span> <span class='ocrx_word' id='word_1_14' title='bbox 515 691 666 748; x_wconf 90' lang='lat' dir='ltr'><em>sedetiam</em></span> <span class='ocrx_word' id='word_1_15' title='bbox 685 692 712 746; x_wconf 92' lang='lat' dir='ltr'><em>in</em></span> <span class='ocrx_word' id='word_1_16' title='bbox 731 707 754 747; x_wconf 89' lang='lat' dir='ltr'><em>c.</em></span> <span class='ocrx_word' id='word_1_17' title='bbox 773 693 827 747; x_wconf 91' lang='lat' dir='ltr'><em>XV</em></span> <span class='ocrx_word' id='word_1_18' title='bbox 845 694 989 748; x_wconf 91' lang='lat' dir='ltr'><em>nonnullos</em></span> <span class='ocrx_word' id='word_1_19' title='bbox 1008 692 1108 748; x_wconf 89' lang='lat' dir='ltr'><em>habes:</em></span> <span class='ocrx_word' id='word_1_20' title='bbox 1133 695 1160 748; x_wconf 92' lang='lat' dir='ltr'><em>in</em></span> <span class='ocrx_word' id='word_1_21' title='bbox 1177 697 1193 757; x_wconf 94' lang='lat'>5</span> <span class='ocrx_word' id='word_1_22' title='bbox 1211 695 1228 748; x_wconf 79' lang='lat'><strong>2</strong></span> <span class='ocrx_word' id='word_1_23' title='bbox 1249 695 1379 748; x_wconf 84' lang='lat' dir='ltr'><em>amicissi-</em></span> 
     </span>
     <span class='ocr_line' id='line_1_4' title="bbox 284 780 1380 850; baseline -0.001 -16"><span class='ocrx_word' id='word_1_24' title='bbox 284 795 341 834; x_wconf 84' lang='lat' dir='ltr'><em>mos</em></span> <span class='ocrx_word' id='word_1_25' title='bbox 358 781 481 847; x_wconf 68' lang='lat' dir='ltr'><em>summu,</em></span> <span class='ocrx_word' id='word_1_26' title='bbox 499 782 514 842; x_wconf 89' lang='lat'>5</span> <span class='ocrx_word' id='word_1_27' title='bbox 532 780 549 833; x_wconf 86' lang='lat'>5</span> <span class='ocrx_word' id='word_1_28' title='bbox 562 780 769 848; x_wconf 67' lang='lat' dir='ltr'><em>famosissimis,</em></span> <span class='ocrx_word' id='word_1_29' title='bbox 787 782 803 842; x_wconf 90' lang='lat'>5</span> <span class='ocrx_word' id='word_1_30' title='bbox 821 782 855 835; x_wconf 86' lang='lat'><em>10</em></span> <span class='ocrx_word' id='word_1_31' title='bbox 870 781 1086 849; x_wconf 80' lang='lat' dir='ltr'><em>promptissimus</em></span> <span class='ocrx_word' id='word_1_32' title='bbox 1099 783 1294 850; x_wconf 81' lang='lat' dir='ltr'><em>peritissimus,</em></span> <span class='ocrx_word' id='word_1_33' title='bbox 1312 783 1328 843; x_wconf 89' lang='lat'>5</span> <span class='ocrx_word' id='word_1_34' title='bbox 1346 781 1380 833; x_wconf 76' lang='lat'><em>12</em></span> 
     </span>
     <span class='ocr_line' id='line_1_5' title="bbox 284 867 1380 936; baseline 0.001 -16"><span class='ocrx_word' id='word_1_35' title='bbox 284 867 513 922; x_wconf 82' lang='lat' dir='ltr'><em>iocundissimum.</em></span> <span class='ocrx_word' id='word_1_36' title='bbox 549 867 617 922; x_wconf 92' lang='lat' dir='ltr'><em>Inde</em></span> <span class='ocrx_word' id='word_1_37' title='bbox 636 867 718 922; x_wconf 88' lang='lat' dir='ltr'><em>etiam</em></span> <span class='ocrx_word' id='word_1_38' title='bbox 736 869 799 936; x_wconf 91' lang='lat' dir='ltr'><em>plus</em></span> <span class='ocrx_word' id='word_1_39' title='bbox 818 869 964 923; x_wconf 89' lang='lat' dir='ltr'><em>lucramur.</em></span> <span class='ocrx_word' id='word_1_40' title='bbox 1000 868 1029 924; x_wconf 83' lang='lat' dir='ltr'><em>Si</em></span> <span class='ocrx_word' id='word_1_41' title='bbox 1047 869 1118 922; x_wconf 89' lang='lat' dir='ltr'><em>enim</em></span> <span class='ocrx_word' id='word_1_42' title='bbox 1136 869 1232 924; x_wconf 86' lang='lat' dir='ltr'><em>eadem</em></span> <span class='ocrx_word' id='word_1_43' title='bbox 1249 867 1380 923; x_wconf 89' lang='lat' dir='ltr'><em>observa-</em></span> 
     </span>
     <span class='ocr_line' id='line_1_6' title="bbox 287 952 1379 1010; baseline 0 -2"><span class='ocrx_word' id='word_1_44' title='bbox 287 953 362 1008; x_wconf 91' lang='lat' dir='ltr'><em>tione</em></span> <span class='ocrx_word' id='word_1_45' title='bbox 379 952 468 1008; x_wconf 82' lang='lat' dir='ltr'><em>fretus</em></span> <span class='ocrx_word' id='word_1_46' title='bbox 486 959 515 1008; x_wconf 93' lang='lat' dir='ltr'><em>et</em></span> <span class='ocrx_word' id='word_1_47' title='bbox 533 959 684 1009; x_wconf 90' lang='lat' dir='ltr'><em>extremum</em></span> <span class='ocrx_word' id='word_1_48' title='bbox 702 969 725 1008; x_wconf 88' lang='lat' dir='ltr'><em>c.</em></span> <span class='ocrx_word' id='word_1_49' title='bbox 743 954 812 1009; x_wconf 88' lang='lat' dir='ltr'><em>XIV</em></span> <span class='ocrx_word' id='word_1_50' title='bbox 830 959 858 1010; x_wconf 89' lang='lat' dir='ltr'><em>et</em></span> <span class='ocrx_word' id='word_1_51' title='bbox 875 959 964 1010; x_wconf 90' lang='lat' dir='ltr'><em>totum</em></span> <span class='ocrx_word' id='word_1_52' title='bbox 983 971 1005 1010; x_wconf 90' lang='lat' dir='ltr'><em>c.</em></span> <span class='ocrx_word' id='word_1_53' title='bbox 1023 955 1078 1010; x_wconf 88' lang='lat' dir='ltr'><em>XV</em></span> <span class='ocrx_word' id='word_1_54' title='bbox 1096 955 1185 1010; x_wconf 89' lang='lat' dir='ltr'><em>eidem</em></span> <span class='ocrx_word' id='word_1_55' title='bbox 1204 955 1311 1010; x_wconf 91' lang='lat' dir='ltr'><em>auctori</em></span> <span class='ocrx_word' id='word_1_56' title='bbox 1333 955 1379 1009; x_wconf 88' lang='lat' dir='ltr'><em>de·</em></span> 
     </span>
     <span class='ocr_line' id='line_1_7' title="bbox 285 1039 1377 1110; baseline -0.001 -15"><span class='ocrx_word' id='word_1_57' title='bbox 285 1039 345 1096; x_wconf 93' lang='lat' dir='ltr'><em>beri</em></span> <span class='ocrx_word' id='word_1_58' title='bbox 364 1041 558 1110; x_wconf 82' lang='lat' dir='ltr'>contenderim,</span> <span class='ocrx_word' id='word_1_59' title='bbox 577 1041 632 1108; x_wconf 91' lang='lat' dir='ltr'><em>vix,</em></span> <span class='ocrx_word' id='word_1_60' title='bbox 651 1041 757 1110; x_wconf 87' lang='lat' dir='ltr'><strong>opinor,</strong></span> <span class='ocrx_word' id='word_1_61' title='bbox 776 1041 921 1110; x_wconf 90' lang='lat' dir='ltr'><em>quisquam</em></span> <span class='ocrx_word' id='word_1_62' title='bbox 939 1040 1074 1096; x_wconf 81' lang='lat' dir='ltr'>abnuerit.</span> <span class='ocrx_word' id='word_1_63' title='bbox 1110 1041 1187 1107; x_wconf 78' lang='lat' dir='ltr'><em>Quae</em></span> <span class='ocrx_word' id='word_1_64' title='bbox 1208 1046 1301 1097; x_wconf 88' lang='lat' dir='ltr'><em>tamen</em></span> <span class='ocrx_word' id='word_1_65' title='bbox 1324 1057 1377 1096; x_wconf 94' lang='lat' dir='ltr'><em>non</em></span> 
     </span>
     <span class='ocr_line' id='line_1_8' title="bbox 284 1126 1378 1197; baseline 0.001 -15"><span class='ocrx_word' id='word_1_66' title='bbox 284 1128 344 1182; x_wconf 89' lang='lat' dir='ltr'><em>sola</em></span> <span class='ocrx_word' id='word_1_67' title='bbox 367 1128 439 1183; x_wconf 91' lang='lat' dir='ltr'><em>ratio</em></span> <span class='ocrx_word' id='word_1_68' title='bbox 462 1133 520 1196; x_wconf 87' lang='lat' dir='ltr'><em>est,</em></span> <span class='ocrx_word' id='word_1_69' title='bbox 539 1127 584 1182; x_wconf 90' lang='lat' dir='ltr'><em>eni</em></span> <span class='ocrx_word' id='word_1_70' title='bbox 608 1126 725 1183; x_wconf 88' lang='lat' dir='ltr'><em>confido.</em></span> <span class='ocrx_word' id='word_1_71' title='bbox 761 1127 913 1183; x_wconf 84' lang='lat' dir='ltr'><em>Videamus</em></span> <span class='ocrx_word' id='word_1_72' title='bbox 936 1129 1019 1183; x_wconf 90' lang='lat' dir='ltr'><em>modo</em></span> <span class='ocrx_word' id='word_1_73' title='bbox 1042 1128 1214 1196; x_wconf 77' lang='lat' dir='ltr'><em>accuratius,</em></span> <span class='ocrx_word' id='word_1_74' title='bbox 1239 1130 1307 1197; x_wconf 92' lang='lat' dir='ltr'><em>quid</em></span> <span class='ocrx_word' id='word_1_75' title='bbox 1333 1129 1378 1183; x_wconf 91' lang='lat' dir='ltr'><em>hic</em></span> 
     </span>
     <span class='ocr_line' id='line_1_9' title="bbox 288 1213 1380 1285; baseline 0 -15"><span class='ocrx_word' id='word_1_76' title='bbox 288 1215 408 1283; x_wconf 88' lang='lat' dir='ltr'><em>scriptor</em></span> <span class='ocrx_word' id='word_1_77' title='bbox 426 1213 461 1269; x_wconf 92' lang='lat' dir='ltr'><em>de</em></span> <span class='ocrx_word' id='word_1_78' title='bbox 479 1215 621 1270; x_wconf 89' lang='lat' dir='ltr'><em>Hadriano</em></span> <span class='ocrx_word' id='word_1_79' title='bbox 638 1215 748 1270; x_wconf 87' lang='lat' dir='ltr'><em>sentiat.</em></span> <span class='ocrx_word' id='word_1_80' title='bbox 784 1215 845 1280; x_wconf 79' lang='lat' dir='ltr'><em>Qua</em></span> <span class='ocrx_word' id='word_1_81' title='bbox 862 1216 890 1270; x_wconf 93' lang='lat' dir='ltr'><em>in</em></span> <span class='ocrx_word' id='word_1_82' title='bbox 907 1232 939 1271; x_wconf 90' lang='lat' dir='ltr'><em>re</em></span> <span class='ocrx_word' id='word_1_83' title='bbox 956 1214 1187 1285; x_wconf 87' lang='lat' dir='ltr'><em>proficiscendum</em></span> <span class='ocrx_word' id='word_1_84' title='bbox 1205 1223 1249 1272; x_wconf 87' lang='lat' dir='ltr'><em>est</em></span> <span class='ocrx_word' id='word_1_85' title='bbox 1269 1233 1286 1270; x_wconf 91' lang='lat' dir='ltr'><em>a</em></span> <span class='ocrx_word' id='word_1_86' title='bbox 1303 1216 1380 1284; x_wconf 90' lang='lat' dir='ltr'>XIV,</span> 
     </span>
     <span class='ocr_line' id='line_1_10' title="bbox 286 1301 1380 1372; baseline 0.001 -16"><span class='ocrx_word' id='word_1_87' title='bbox 286 1304 328 1371; x_wconf 87' lang='lat'><em>11,</em></span> <span class='ocrx_word' id='word_1_88' title='bbox 346 1301 395 1356; x_wconf 90' lang='lat' dir='ltr'><em>nbi</em></span> <span class='ocrx_word' id='word_1_89' title='bbox 412 1302 471 1357; x_wconf 91' lang='lat' dir='ltr'><em>cius</em></span> <span class='ocrx_word' id='word_1_90' title='bbox 490 1307 590 1358; x_wconf 85' lang='lat' dir='ltr'><em>natura</em></span> <span class='ocrx_word' id='word_1_91' title='bbox 607 1302 647 1356; x_wconf 87' lang='lat' dir='ltr'><em>ita</em></span> <span class='ocrx_word' id='word_1_92' title='bbox 665 1302 830 1358; x_wconf 81' lang='lat' dir='ltr'><em>describitur</em></span> <span class='ocrx_word' id='word_1_93' title='bbox 850 1301 938 1370; x_wconf 83' lang='lat' dir='ltr'><em>,idem</em></span> <span class='ocrx_word' id='word_1_94' title='bbox 956 1319 1070 1359; x_wconf 88' lang='lat' dir='ltr'><em>severus</em></span> <span class='ocrx_word' id='word_1_95' title='bbox 1088 1303 1195 1372; x_wconf 89' lang='lat' dir='ltr'><em>laetus,</em></span> <span class='ocrx_word' id='word_1_96' title='bbox 1214 1303 1298 1358; x_wconf 91' lang='lat' dir='ltr'><em>comis</em></span> <span class='ocrx_word' id='word_1_97' title='bbox 1317 1319 1380 1372; x_wconf 85' lang='lat' dir='ltr'><em>gra-</em></span> 
     </span>
     <span class='ocr_line' id='line_1_11' title="bbox 285 1389 1379 1458; baseline 0 -15"><span class='ocrx_word' id='word_1_98' title='bbox 285 1389 337 1458; x_wconf 91' lang='lat' dir='ltr'><em>vis,</em></span> <span class='ocrx_word' id='word_1_99' title='bbox 355 1389 476 1445; x_wconf 87' lang='lat' dir='ltr'><em>lascivus</em></span> <span class='ocrx_word' id='word_1_100' title='bbox 495 1395 654 1457; x_wconf 90' lang='lat' dir='ltr'><em>cunctator,</em></span> <span class='ocrx_word' id='word_1_101' title='bbox 673 1395 755 1445; x_wconf 86' lang='lat' dir='ltr'>tenax</span> <span class='ocrx_word' id='word_1_102' title='bbox 774 1389 908 1458; x_wconf 88' lang='lat' dir='ltr'><em>liberalis,</em></span> <span class='ocrx_word' id='word_1_103' title='bbox 927 1390 1068 1445; x_wconf 88' lang='lat' dir='ltr'><em>simulator</em></span> <span class='ocrx_word' id='word_1_104' title='bbox 1086 1406 1182 1457; x_wconf 85' lang='lat' dir='ltr'><em>verus,</em></span> <span class='ocrx_word' id='word_1_105' title='bbox 1200 1404 1301 1444; x_wconf 88' lang='lat' dir='ltr'><em>saevus</em></span> <span class='ocrx_word' id='word_1_106' title='bbox 1327 1389 1379 1444; x_wconf 91' lang='lat' dir='ltr'><em>cle·</em></span> 
     </span>
     <span class='ocr_line' id='line_1_12' title="bbox 286 1475 1380 1546; baseline 0.001 -15"><span class='ocrx_word' id='word_1_107' title='bbox 286 1492 362 1532; x_wconf 89' lang='lat' dir='ltr'><em>mens</em></span> <span class='ocrx_word' id='word_1_108' title='bbox 380 1481 409 1531; x_wconf 92' lang='lat' dir='ltr'><em>et</em></span> <span class='ocrx_word' id='word_1_109' title='bbox 426 1492 535 1546; x_wconf 85' lang='lat' dir='ltr'><em>semper</em></span> <span class='ocrx_word' id='word_1_110' title='bbox 553 1477 582 1532; x_wconf 94' lang='lat' dir='ltr'><em>in</em></span> <span class='ocrx_word' id='word_1_111' title='bbox 599 1476 724 1532; x_wconf 92' lang='lat' dir='ltr'><em>omnibus</em></span> <span class='ocrx_word' id='word_1_112' title='bbox 742 1475 861 1533; x_wconf 60' lang='lat' dir='ltr'><em>varius.</em></span> <span class='ocrx_word' id='word_1_113' title='bbox 879 1477 932 1531; x_wconf 87' lang='lat' dir='ltr'><em>Hic</em></span> <span class='ocrx_word' id='word_1_114' title='bbox 945 1492 1111 1546; x_wconf 85' lang='lat' dir='ltr'><em>quamquam</em></span> <span class='ocrx_word' id='word_1_115' title='bbox 1129 1477 1278 1545; x_wconf 88' lang='lat' dir='ltr'><em>imperator</em></span> <span class='ocrx_word' id='word_1_116' title='bbox 1290 1493 1380 1546; x_wconf 90' lang='lat' dir='ltr'><em>neque</em></span> 
     </span>
     <span class='ocr_line' id='line_1_13' title="bbox 284 1562 1380 1635; baseline -0.002 -15"><span class='ocrx_word' id='word_1_117' title='bbox 284 1562 374 1620; x_wconf 90' lang='lat' dir='ltr'><em>bonus</em></span> <span class='ocrx_word' id='word_1_118' title='bbox 392 1570 492 1619; x_wconf 86' lang='lat' dir='ltr'><em>natura</em></span> <span class='ocrx_word' id='word_1_119' title='bbox 510 1580 600 1635; x_wconf 90' lang='lat' dir='ltr'><em>neque</em></span> <span class='ocrx_word' id='word_1_120' title='bbox 618 1563 742 1620; x_wconf 81' lang='lat' dir='ltr'><em>funditus</em></span> <span class='ocrx_word' id='word_1_121' title='bbox 759 1565 847 1620; x_wconf 89' lang='lat' dir='ltr'><em>malus</em></span> <span class='ocrx_word' id='word_1_122' title='bbox 865 1563 951 1620; x_wconf 84' lang='lat' dir='ltr'><em>fuisse</em></span> <span class='ocrx_word' id='word_1_123' title='bbox 967 1565 1076 1632; x_wconf 90' lang='lat' dir='ltr'><em>dicitur,</em></span> <span class='ocrx_word' id='word_1_124' title='bbox 1089 1565 1140 1620; x_wconf 89' lang='lat' dir='ltr'><em>sed</em></span> <span class='ocrx_word' id='word_1_125' title='bbox 1153 1564 1291 1618; x_wconf 86' lang='lat' dir='ltr'><em>contraria</em></span> <span class='ocrx_word' id='word_1_126' title='bbox 1302 1564 1380 1618; x_wconf 87' lang='lat' dir='ltr'><em>iuxta</em></span> 
     </span>
     <span class='ocr_line' id='line_1_14' title="bbox 285 1650 1379 1720; baseline -0.002 -14"><span class='ocrx_word' id='word_1_127' title='bbox 285 1656 433 1719; x_wconf 89' lang='lat' dir='ltr'><em>ponuntur,</em></span> <span class='ocrx_word' id='word_1_128' title='bbox 452 1657 543 1706; x_wconf 88' lang='lat' dir='ltr'><em>tumen</em></span> <span class='ocrx_word' id='word_1_129' title='bbox 561 1656 629 1720; x_wconf 89' lang='lat' dir='ltr'><em>tota,</em></span> <span class='ocrx_word' id='word_1_130' title='bbox 648 1667 720 1720; x_wconf 88' lang='lat' dir='ltr'><em>qnae</em></span> <span class='ocrx_word' id='word_1_131' title='bbox 738 1652 833 1706; x_wconf 87' lang='lat' dir='ltr'><em>existit</em></span> <span class='ocrx_word' id='word_1_132' title='bbox 850 1650 951 1720; x_wconf 83' lang='lat' dir='ltr'><em>imago,</em></span> <span class='ocrx_word' id='word_1_133' title='bbox 969 1650 1077 1706; x_wconf 88' lang='lat' dir='ltr'><em>minime</em></span> <span class='ocrx_word' id='word_1_134' title='bbox 1095 1650 1196 1706; x_wconf 88' lang='lat' dir='ltr'><em>blanda</em></span> <span class='ocrx_word' id='word_1_135' title='bbox 1212 1656 1263 1706; x_wconf 88' lang='lat' dir='ltr'><em>est.</em></span> <span class='ocrx_word' id='word_1_136' title='bbox 1282 1650 1379 1720; x_wconf 85' lang='lat' dir='ltr'><em>Neque</em></span> 
     </span>
     <span class='ocr_line' id='line_1_15' title="bbox 287 1737 1380 1808; baseline -0.001 -15"><span class='ocrx_word' id='word_1_137' title='bbox 287 1737 326 1806; x_wconf 87' lang='lat' dir='ltr'><em>is,</em></span> <span class='ocrx_word' id='word_1_138' title='bbox 346 1738 394 1808; x_wconf 94' lang='lat' dir='ltr'><em>qui</em></span> <span class='ocrx_word' id='word_1_139' title='bbox 418 1753 478 1792; x_wconf 88' lang='lat' dir='ltr'><em>cam</em></span> <span class='ocrx_word' id='word_1_140' title='bbox 502 1737 640 1806; x_wconf 76' lang='lat' dir='ltr'><em>depinxit,</em></span> <span class='ocrx_word' id='word_1_141' title='bbox 659 1739 740 1792; x_wconf 85' lang='lat' dir='ltr'><em>aliam</em></span> <span class='ocrx_word' id='word_1_142' title='bbox 763 1753 919 1807; x_wconf 86' lang='lat' dir='ltr'><em>proponere</em></span> <span class='ocrx_word' id='word_1_143' title='bbox 943 1737 1039 1792; x_wconf 85' lang='lat' dir='ltr'><em>voluit.</em></span> <span class='ocrx_word' id='word_1_144' title='bbox 1075 1737 1212 1792; x_wconf 83' lang='lat' dir='ltr'><em>Mobilitas</em></span> <span class='ocrx_word' id='word_1_145' title='bbox 1237 1737 1308 1792; x_wconf 91' lang='lat' dir='ltr'><em>enim</em></span> <span class='ocrx_word' id='word_1_146' title='bbox 1334 1737 1380 1792; x_wconf 90' lang='lat' dir='ltr'><em>illa</em></span> 
     </span>
     <span class='ocr_line' id='line_1_16' title="bbox 285 1823 1378 1894; baseline -0.001 -16"><span class='ocrx_word' id='word_1_147' title='bbox 285 1830 370 1893; x_wconf 89' lang='lat' dir='ltr'><em>atque</em></span> <span class='ocrx_word' id='word_1_148' title='bbox 394 1825 578 1881; x_wconf 86' lang='lat' dir='ltr'><em>inconstantia</em></span> <span class='ocrx_word' id='word_1_149' title='bbox 601 1824 697 1893; x_wconf 79' lang='lat' dir='ltr'><em>ammi,</em></span> <span class='ocrx_word' id='word_1_150' title='bbox 721 1841 794 1893; x_wconf 92' lang='lat' dir='ltr'><em>quae</em></span> <span class='ocrx_word' id='word_1_151' title='bbox 818 1825 877 1881; x_wconf 91' lang='lat' dir='ltr'><em>eius</em></span> <span class='ocrx_word' id='word_1_152' title='bbox 901 1824 1015 1894; x_wconf 84' lang='lat' dir='ltr'><em>propria</em></span> <span class='ocrx_word' id='word_1_153' title='bbox 1042 1823 1128 1880; x_wconf 81' lang='lat' dir='ltr'><em>fuisse</em></span> <span class='ocrx_word' id='word_1_154' title='bbox 1155 1824 1271 1891; x_wconf 89' lang='lat' dir='ltr'><em>dicitnr,</em></span> <span class='ocrx_word' id='word_1_155' title='bbox 1295 1839 1378 1892; x_wconf 86' lang='lat' dir='ltr'><em>qnam</em></span> 
     </span>
     <span class='ocr_line' id='line_1_17' title="bbox 282 1909 1377 1982; baseline -0.001 -17"><span class='ocrx_word' id='word_1_156' title='bbox 282 1909 394 1968; x_wconf 85' lang='lat' dir='ltr'><em>funesta</em></span> <span class='ocrx_word' id='word_1_157' title='bbox 411 1917 497 1982; x_wconf 86' lang='lat' dir='ltr'><em>atque</em></span> <span class='ocrx_word' id='word_1_158' title='bbox 515 1912 672 1982; x_wconf 87' lang='lat' dir='ltr'><em>perniciosa</em></span> <span class='ocrx_word' id='word_1_159' title='bbox 689 1910 780 1980; x_wconf 86' lang='lat' dir='ltr'><em>inerit,</em></span> <span class='ocrx_word' id='word_1_160' title='bbox 799 1912 872 1968; x_wconf 90' lang='lat' dir='ltr'><em>idem</em></span> <span class='ocrx_word' id='word_1_161' title='bbox 889 1913 1009 1982; x_wconf 90' lang='lat' dir='ltr'><em>scriptor</em></span> <span class='ocrx_word' id='word_1_162' title='bbox 1027 1941 1060 1950; x_wconf 92' lang='lat'><em>-</em></span> <span class='ocrx_word' id='word_1_163' title='bbox 1079 1918 1108 1967; x_wconf 90' lang='lat' dir='ltr'><em>et</em></span> <span class='ocrx_word' id='word_1_164' title='bbox 1124 1912 1178 1967; x_wconf 92' lang='lat' dir='ltr'><em>hoc</em></span> <span class='ocrx_word' id='word_1_165' title='bbox 1196 1911 1307 1981; x_wconf 90' lang='lat' dir='ltr'><em>quidem</em></span> <span class='ocrx_word' id='word_1_166' title='bbox 1319 1910 1377 1964; x_wconf 90' lang='lat' dir='ltr'><em>vin·</em></span> 
     </span>
     <span class='ocr_line' id='line_1_18' title="bbox 287 1997 1381 2068; baseline -0.001 -17"><span class='ocrx_word' id='word_1_167' title='bbox 287 1998 349 2052; x_wconf 91' lang='lat' dir='ltr'><em>eulo</em></span> <span class='ocrx_word' id='word_1_168' title='bbox 372 1997 443 2054; x_wconf 87' lang='lat' dir='ltr'><em>haee</em></span> <span class='ocrx_word' id='word_1_169' title='bbox 467 1999 523 2054; x_wconf 92' lang='lat' dir='ltr'><em>duc</em></span> <span class='ocrx_word' id='word_1_170' title='bbox 548 2000 640 2068; x_wconf 88' lang='lat' dir='ltr'><em>capitu</em></span> <span class='ocrx_word' id='word_1_171' title='bbox 663 1999 731 2054; x_wconf 89' lang='lat' dir='ltr'><em>XIV</em></span> <span class='ocrx_word' id='word_1_172' title='bbox 750 2005 778 2054; x_wconf 91' lang='lat' dir='ltr'><em>et</em></span> <span class='ocrx_word' id='word_1_173' title='bbox 795 1999 850 2055; x_wconf 89' lang='lat' dir='ltr'><em>XV</em></span> <span class='ocrx_word' id='word_1_174' title='bbox 867 2004 927 2054; x_wconf 87' lang='lat' dir='ltr'><em>arte</em></span> <span class='ocrx_word' id='word_1_175' title='bbox 952 1999 1156 2067; x_wconf 79' lang='lat' dir='ltr'><em>coniunguntur</em></span> <span class='ocrx_word' id='word_1_176' title='bbox 1179 2027 1213 2036; x_wconf 90' lang='lat'>—</span> <span class='ocrx_word' id='word_1_177' title='bbox 1237 1998 1265 2052; x_wconf 92' lang='lat' dir='ltr'><em>in</em></span> <span class='ocrx_word' id='word_1_178' title='bbox 1289 1997 1381 2066; x_wconf 87' lang='lat' dir='ltr'><em>eapite</em></span> 
     </span>
     <span class='ocr_line' id='line_1_19' title="bbox 285 2083 1380 2156; baseline 0.001 -18"><span class='ocrx_word' id='word_1_179' title='bbox 285 2083 441 2154; x_wconf 87' lang='lat' dir='ltr'><em>insequenti</em></span> <span class='ocrx_word' id='word_1_180' title='bbox 459 2087 617 2142; x_wconf 80' lang='lat' dir='ltr'><em>accuratius</em></span> <span class='ocrx_word' id='word_1_181' title='bbox 642 2086 831 2142; x_wconf 88' lang='lat' dir='ltr'><em>demonstrare</em></span> <span class='ocrx_word' id='word_1_182' title='bbox 859 2091 983 2142; x_wconf 85' lang='lat' dir='ltr'><em>conatur.</em></span> <span class='ocrx_word' id='word_1_183' title='bbox 1019 2086 1144 2156; x_wconf 83' lang='lat' dir='ltr'><em>Namque</em></span> <span class='ocrx_word' id='word_1_184' title='bbox 1168 2091 1200 2140; x_wconf 91' lang='lat' dir='ltr'><em>ut</em></span> <span class='ocrx_word' id='word_1_185' title='bbox 1222 2084 1380 2139; x_wconf 85' lang='lat' dir='ltr'><em>Hadrianus</em></span> 
     </span>
     <span class='ocr_line' id='line_1_20' title="bbox 285 2172 1381 2243; baseline 0 -18"><span class='ocrx_word' id='word_1_186' title='bbox 285 2185 390 2226; x_wconf 86' lang='lat' dir='ltr'><em>comem</em></span> <span class='ocrx_word' id='word_1_187' title='bbox 409 2189 440 2227; x_wconf 91' lang='lat' dir='ltr'><em>se</em></span> <span class='ocrx_word' id='word_1_188' title='bbox 458 2178 488 2227; x_wconf 91' lang='lat' dir='ltr'><em>et</em></span> <span class='ocrx_word' id='word_1_189' title='bbox 505 2173 643 2228; x_wconf 83' lang='lat' dir='ltr'><em>affabilem</em></span> <span class='ocrx_word' id='word_1_190' title='bbox 661 2173 755 2229; x_wconf 88' lang='lat' dir='ltr'><em>amicis</em></span> <span class='ocrx_word' id='word_1_191' title='bbox 773 2174 927 2243; x_wconf 88' lang='lat' dir='ltr'><em>praestitit,</em></span> <span class='ocrx_word' id='word_1_192' title='bbox 946 2174 986 2228; x_wconf 90' lang='lat' dir='ltr'><em>ita</em></span> <span class='ocrx_word' id='word_1_193' title='bbox 1009 2173 1068 2228; x_wconf 91' lang='lat' dir='ltr'><em>sive</em></span> <span class='ocrx_word' id='word_1_194' title='bbox 1086 2173 1244 2242; x_wconf 87' lang='lat' dir='ltr'><em>suspicione</em></span> <span class='ocrx_word' id='word_1_195' title='bbox 1262 2172 1321 2228; x_wconf 89' lang='lat' dir='ltr'><em>sive</em></span> <span class='ocrx_word' id='word_1_196' title='bbox 1339 2172 1381 2225; x_wconf 89' lang='lat' dir='ltr'><em>ira</em></span> 
     </span>
     <span class='ocr_line' id='line_1_21' title="bbox 283 2259 1381 2327; baseline 0 -15"><span class='ocrx_word' id='word_1_197' title='bbox 283 2259 369 2312; x_wconf 89' lang='lat' dir='ltr'><em>semel</em></span> <span class='ocrx_word' id='word_1_198' title='bbox 385 2259 521 2315; x_wconf 77' lang='lat' dir='ltr'><em>sunseituta</em></span> <span class='ocrx_word' id='word_1_199' title='bbox 538 2260 611 2316; x_wconf 89' lang='lat' dir='ltr'><em>idern</em></span> <span class='ocrx_word' id='word_1_200' title='bbox 629 2261 818 2316; x_wconf 86' lang='lat' dir='ltr'><em>crudelissime</em></span> <span class='ocrx_word' id='word_1_201' title='bbox 835 2261 864 2316; x_wconf 91' lang='lat' dir='ltr'><em>in</em></span> <span class='ocrx_word' id='word_1_202' title='bbox 881 2277 930 2316; x_wconf 90' lang='lat' dir='ltr'><em>eos</em></span> <span class='ocrx_word' id='word_1_203' title='bbox 948 2259 1094 2327; x_wconf 86' lang='lat' dir='ltr'><em>consuluit,</em></span> <span class='ocrx_word' id='word_1_204' title='bbox 1107 2260 1178 2314; x_wconf 87' lang='lat' dir='ltr'><em>adeo</em></span> <span class='ocrx_word' id='word_1_205' title='bbox 1193 2259 1225 2314; x_wconf 91' lang='lat' dir='ltr'><em>ut</em></span> <span class='ocrx_word' id='word_1_206' title='bbox 1236 2260 1381 2314; x_wconf 88' lang='lat' dir='ltr'><em>nonnullos</em></span> 
     </span>
     <span class='ocr_line' id='line_1_22' title="bbox 283 2345 1377 2418; baseline 0 -19"><span class='ocrx_word' id='word_1_207' title='bbox 283 2345 321 2399; x_wconf 88' lang='lat' dir='ltr'><em>ad</em></span> <span class='ocrx_word' id='word_1_208' title='bbox 347 2346 531 2403; x_wconf 87' lang='lat' dir='ltr'><em>voluntariam</em></span> <span class='ocrx_word' id='word_1_209' title='bbox 557 2355 672 2404; x_wconf 89' lang='lat' dir='ltr'><em>mortem</em></span> <span class='ocrx_word' id='word_1_210' title='bbox 699 2349 893 2418; x_wconf 87' lang='lat' dir='ltr'><em>compelleret,</em></span> <span class='ocrx_word' id='word_1_211' title='bbox 920 2348 989 2404; x_wconf 91' lang='lat' dir='ltr'><em>alios</em></span> <span class='ocrx_word' id='word_1_212' title='bbox 1016 2352 1045 2402; x_wconf 92' lang='lat' dir='ltr'><em>et</em></span> <span class='ocrx_word' id='word_1_213' title='bbox 1071 2346 1132 2416; x_wconf 87' lang='lat' dir='ltr'><em>ipse</em></span> <span class='ocrx_word' id='word_1_214' title='bbox 1158 2346 1227 2401; x_wconf 88' lang='lat' dir='ltr'><em>mori</em></span> <span class='ocrx_word' id='word_1_215' title='bbox 1254 2351 1377 2414; x_wconf 87' lang='lat' dir='ltr'><em>cogeret.</em></span> 
     </span>
     <span class='ocr_line' id='line_1_23' title="bbox 282 2432 1379 2505; baseline -0.002 -17"><span class='ocrx_word' id='word_1_216' title='bbox 282 2432 408 2489; x_wconf 86' lang='lat' dir='ltr'><em>Eundem</em></span> <span class='ocrx_word' id='word_1_217' title='bbox 429 2434 587 2504; x_wconf 85' lang='lat' dir='ltr'><em>ambiguum</em></span> <span class='ocrx_word' id='word_1_218' title='bbox 605 2436 738 2505; x_wconf 84' lang='lat' dir='ltr'><em>principis</em></span> <span class='ocrx_word' id='word_1_219' title='bbox 757 2435 875 2490; x_wconf 89' lang='lat' dir='ltr'><em>animum</em></span> <span class='ocrx_word' id='word_1_220' title='bbox 892 2435 1013 2504; x_wconf 87' lang='lat' dir='ltr'><em>scriptor</em></span> <span class='ocrx_word' id='word_1_221' title='bbox 1031 2433 1114 2490; x_wconf 87' lang='lat' dir='ltr'><em>etiam</em></span> <span class='ocrx_word' id='word_1_222' title='bbox 1130 2433 1159 2488; x_wconf 92' lang='lat' dir='ltr'><em>in</em></span> <span class='ocrx_word' id='word_1_223' title='bbox 1177 2449 1210 2488; x_wconf 95' lang='lat' dir='ltr'><em>e0</em></span> <span class='ocrx_word' id='word_1_224' title='bbox 1236 2432 1379 2501; x_wconf 86' lang='lat' dir='ltr'><em>conspicit,</em></span> 
     </span>
     <span class='ocr_line' id='line_1_24' title="bbox 285 2519 1380 2591; baseline 0 -18"><span class='ocrx_word' id='word_1_225' title='bbox 285 2521 362 2590; x_wconf 91' lang='lat' dir='ltr'><em>quod</em></span> <span class='ocrx_word' id='word_1_226' title='bbox 380 2527 489 2576; x_wconf 84' lang='lat' dir='ltr'><em>sumet</em></span> <span class='ocrx_word' id='word_1_227' title='bbox 507 2521 567 2590; x_wconf 89' lang='lat' dir='ltr'><em>ipse</em></span> <span class='ocrx_word' id='word_1_228' title='bbox 585 2522 692 2577; x_wconf 86' lang='lat' dir='ltr'><em>artibus</em></span> <span class='ocrx_word' id='word_1_229' title='bbox 711 2527 796 2591; x_wconf 84' lang='lat' dir='ltr'><em>atque</em></span> <span class='ocrx_word' id='word_1_230' title='bbox 814 2522 913 2576; x_wconf 89' lang='lat' dir='ltr'><em>litteris</em></span> <span class='ocrx_word' id='word_1_231' title='bbox 931 2536 1059 2589; x_wconf 80' lang='lat' dir='ltr'><em>magnam</em></span> <span class='ocrx_word' id='word_1_232' title='bbox 1076 2535 1190 2589; x_wconf 90' lang='lat' dir='ltr'><em>operam</em></span> <span class='ocrx_word' id='word_1_233' title='bbox 1213 2519 1296 2574; x_wconf 89' lang='lat' dir='ltr'><em>daret</em></span> <span class='ocrx_word' id='word_1_234' title='bbox 1317 2535 1380 2588; x_wconf 92' lang='lat' dir='ltr'><em>pro-</em></span> 
     </span>
    </p>

    <p class='ocr_par' dir='ltr' id='par_1_3' title="bbox 217 2604 1380 3719">
     <span class='ocr_line' id='line_1_25' title="bbox 284 2604 1380 2680; baseline -0.003 -19"><span class='ocrx_word' id='word_1_235' title='bbox 284 2604 462 2678; x_wconf 83' lang='lat' dir='ltr'><em>fessoresque</em></span> <span class='ocrx_word' id='word_1_236' title='bbox 480 2609 602 2680; x_wconf 89' lang='lat' dir='ltr'><em>undique</em></span> <span class='ocrx_word' id='word_1_237' title='bbox 620 2609 768 2664; x_wconf 84' lang='lat' dir='ltr'><em>arcessitos</em></span> <span class='ocrx_word' id='word_1_238' title='bbox 788 2613 817 2663; x_wconf 91' lang='lat' dir='ltr'><em>et</em></span> <span class='ocrx_word' id='word_1_239' title='bbox 840 2609 989 2663; x_wconf 89' lang='lat' dir='ltr'><em>honoraret</em></span> <span class='ocrx_word' id='word_1_240' title='bbox 1012 2613 1040 2662; x_wconf 89' lang='lat' dir='ltr'><em>et</em></span> <span class='ocrx_word' id='word_1_241' title='bbox 1064 2607 1180 2672; x_wconf 87' lang='lat' dir='ltr'><em>ditaret,</em></span> <span class='ocrx_word' id='word_1_242' title='bbox 1198 2610 1290 2659; x_wconf 90' lang='lat' dir='ltr'><em>tamen</em></span> <span class='ocrx_word' id='word_1_243' title='bbox 1313 2621 1380 2675; x_wconf 93' lang='lat' dir='ltr'><em>quo-</em></span> 
     </span>
     <span class='ocr_line' id='line_1_26' title="bbox 217 2684 1379 2764; baseline -0.003 -16"><span class='ocrx_word' id='word_1_244' title='bbox 217 2684 219 2688; x_wconf 67' lang='grc'><strong>’</strong></span> <span class='ocrx_word' id='word_1_245' title='bbox 285 2709 394 2764; x_wconf 88' lang='lat' dir='ltr'><em>cunque</em></span> <span class='ocrx_word' id='word_1_246' title='bbox 413 2694 495 2751; x_wconf 89' lang='lat' dir='ltr'><em>modo</em></span> <span class='ocrx_word' id='word_1_247' title='bbox 514 2712 562 2751; x_wconf 91' lang='lat' dir='ltr'><em>eos</em></span> <span class='ocrx_word' id='word_1_248' title='bbox 580 2696 666 2752; x_wconf 85' lang='lat' dir='ltr'><em>illusit</em></span> <span class='ocrx_word' id='word_1_249' title='bbox 683 2697 809 2764; x_wconf 89' lang='lat' dir='ltr'><em>maleque</em></span> <span class='ocrx_word' id='word_1_250' title='bbox 827 2694 1037 2760; x_wconf 51' lang='grc'><em>0000100-</em></span> <span class='ocrx_word' id='word_1_251' title='bbox 1055 2693 1182 2761; x_wconf 90' lang='lat' dir='ltr'><em>Denique</em></span> <span class='ocrx_word' id='word_1_252' title='bbox 1200 2691 1276 2762; x_wconf 92' lang='lat' dir='ltr'><em>quod</em></span> <span class='ocrx_word' id='word_1_253' title='bbox 1294 2691 1379 2746; x_wconf 89' lang='lat' dir='ltr'><em>tertio</em></span> 
     </span>
     <span class='ocr_line' id='line_1_27' title="bbox 283 2777 1380 2850; baseline -0.004 -15"><span class='ocrx_word' id='word_1_254' title='bbox 283 2780 345 2836; x_wconf 90' lang='lat' dir='ltr'><em>loco</em></span> <span class='ocrx_word' id='word_1_255' title='bbox 364 2787 547 2838; x_wconf 86' lang='lat' dir='ltr'><em>exsecuturus</em></span> <span class='ocrx_word' id='word_1_256' title='bbox 565 2799 640 2850; x_wconf 91' lang='lat' dir='ltr'><em>sum,</em></span> <span class='ocrx_word' id='word_1_257' title='bbox 664 2782 738 2837; x_wconf 86' lang='lat' dir='ltr'><em>idern</em></span> <span class='ocrx_word' id='word_1_258' title='bbox 756 2781 876 2837; x_wconf 91' lang='lat' dir='ltr'><em>nonnihil</em></span> <span class='ocrx_word' id='word_1_259' title='bbox 893 2780 961 2836; x_wconf 89' lang='lat' dir='ltr'><em>facit</em></span> <span class='ocrx_word' id='word_1_260' title='bbox 979 2781 1015 2836; x_wconf 85' lang='lat' dir='ltr'><em>ad</em></span> <span class='ocrx_word' id='word_1_261' title='bbox 1033 2779 1116 2835; x_wconf 90' lang='lat' dir='ltr'><em>fidem</em></span> <span class='ocrx_word' id='word_1_262' title='bbox 1134 2777 1277 2847; x_wconf 87' lang='lat' dir='ltr'><em>scriptoris</em></span> <span class='ocrx_word' id='word_1_263' title='bbox 1299 2777 1380 2832; x_wconf 90' lang='lat' dir='ltr'><em>aesti-</em></span> 
     </span>
     <span class='ocr_line' id='line_1_28' title="bbox 284 2865 1380 2937; baseline -0.004 -15"><span class='ocrx_word' id='word_1_264' title='bbox 284 2868 420 2924; x_wconf 88' lang='lat' dir='ltr'><em>mandam.</em></span> <span class='ocrx_word' id='word_1_265' title='bbox 453 2869 526 2924; x_wconf 90' lang='lat' dir='ltr'><em>Tota</em></span> <span class='ocrx_word' id='word_1_266' title='bbox 544 2870 615 2925; x_wconf 89' lang='lat' dir='ltr'><em>enim</em></span> <span class='ocrx_word' id='word_1_267' title='bbox 632 2869 763 2937; x_wconf 86' lang='lat' dir='ltr'><em>narratio,</em></span> <span class='ocrx_word' id='word_1_268' title='bbox 781 2869 841 2924; x_wconf 86' lang='lat' dir='ltr'><em>sive</em></span> <span class='ocrx_word' id='word_1_269' title='bbox 859 2885 917 2924; x_wconf 91' lang='lat' dir='ltr'><em>rem</em></span> <span class='ocrx_word' id='word_1_270' title='bbox 934 2873 1092 2936; x_wconf 89' lang='lat' dir='ltr'><em>spectamus</em></span> <span class='ocrx_word' id='word_1_271' title='bbox 1111 2867 1171 2922; x_wconf 88' lang='lat' dir='ltr'><em>sive</em></span> <span class='ocrx_word' id='word_1_272' title='bbox 1189 2865 1380 2930; x_wconf 85' lang='lat' dir='ltr'><em>elocutionem,</em></span> 
     </span>
     <span class='ocr_line' id='line_1_29' title="bbox 285 2951 1380 3022; baseline -0.005 -13"><span class='ocrx_word' id='word_1_273' title='bbox 285 2955 383 3011; x_wconf 92' lang='lat' dir='ltr'><em>eodem</em></span> <span class='ocrx_word' id='word_1_274' title='bbox 401 2955 526 3011; x_wconf 89' lang='lat' dir='ltr'><em>delibuta</em></span> <span class='ocrx_word' id='word_1_275' title='bbox 544 2962 587 3013; x_wconf 89' lang='lat' dir='ltr'><em>est</em></span> <span class='ocrx_word' id='word_1_276' title='bbox 605 2957 697 3011; x_wconf 87' lang='lat' dir='ltr'><em>colore</em></span> <span class='ocrx_word' id='word_1_277' title='bbox 715 2955 863 3010; x_wconf 91' lang='lat' dir='ltr'><em>rhetorico.</em></span> <span class='ocrx_word' id='word_1_278' title='bbox 898 2954 995 3021; x_wconf 90' lang='lat' dir='ltr'><em>Unum,</em></span> <span class='ocrx_word' id='word_1_279' title='bbox 1014 2954 1091 3022; x_wconf 91' lang='lat' dir='ltr'><em>quod</em></span> <span class='ocrx_word' id='word_1_280' title='bbox 1107 2953 1162 3006; x_wconf 89' lang='lat' dir='ltr'><em>huc</em></span> <span class='ocrx_word' id='word_1_281' title='bbox 1179 2951 1308 3020; x_wconf 88' lang='lat' dir='ltr'><em>pertinet,</em></span> <span class='ocrx_word' id='word_1_282' title='bbox 1326 2951 1380 3004; x_wconf 89' lang='lat' dir='ltr'><em>iam</em></span> 
     </span>
     <span class='ocr_line' id='line_1_30' title="bbox 286 3037 1379 3114; baseline -0.006 -17"><span class='ocrx_word' id='word_1_283' title='bbox 286 3057 372 3111; x_wconf 89' lang='lat' dir='ltr'><em>supra</em></span> <span class='ocrx_word' id='word_1_284' title='bbox 389 3043 529 3114; x_wconf 87' lang='lat' dir='ltr'><em>praecepi,</em></span> <span class='ocrx_word' id='word_1_285' title='bbox 548 3042 744 3099; x_wconf 87' lang='lat' dir='ltr'><em>abundantiam</em></span> <span class='ocrx_word' id='word_1_286' title='bbox 762 3042 825 3096; x_wconf 90' lang='lat' dir='ltr'><em>dico</em></span> <span class='ocrx_word' id='word_1_287' title='bbox 844 3040 1084 3110; x_wconf 88' lang='lat' dir='ltr'><em>superlativorum,</em></span> <span class='ocrx_word' id='word_1_288' title='bbox 1102 3039 1175 3094; x_wconf 90' lang='lat' dir='ltr'><em>unde</em></span> <span class='ocrx_word' id='word_1_289' title='bbox 1193 3037 1315 3092; x_wconf 89' lang='lat' dir='ltr'><em>studium</em></span> <span class='ocrx_word' id='word_1_290' title='bbox 1334 3051 1379 3090; x_wconf 91' lang='lat' dir='ltr'><em>ex-</em></span> 
     </span>
     <span class='ocr_line' id='line_1_31' title="bbox 283 3124 1379 3198; baseline -0.008 -12"><span class='ocrx_word' id='word_1_291' title='bbox 283 3130 469 3198; x_wconf 90' lang='lat' dir='ltr'><em>superationis</em></span> <span class='ocrx_word' id='word_1_292' title='bbox 488 3131 586 3186; x_wconf 90' lang='lat' dir='ltr'><em>elucet.</em></span> <span class='ocrx_word' id='word_1_293' title='bbox 623 3130 679 3186; x_wconf 85' lang='lat' dir='ltr'><em>Sed</em></span> <span class='ocrx_word' id='word_1_294' title='bbox 696 3129 761 3184; x_wconf 87' lang='lat' dir='ltr'><em>vide</em></span> <span class='ocrx_word' id='word_1_295' title='bbox 779 3144 881 3198; x_wconf 87' lang='lat' dir='ltr'><em>porro,</em></span> <span class='ocrx_word' id='word_1_296' title='bbox 907 3131 1079 3197; x_wconf 89' lang='lat' dir='ltr'><em>quantopere</em></span> <span class='ocrx_word' id='word_1_297' title='bbox 1106 3125 1129 3180; x_wconf 92' lang='lat' dir='ltr'><em>is</em></span> <span class='ocrx_word' id='word_1_298' title='bbox 1155 3124 1275 3193; x_wconf 89' lang='lat' dir='ltr'><em>scriptor</em></span> <span class='ocrx_word' id='word_1_299' title='bbox 1293 3139 1379 3192; x_wconf 90' lang='lat' dir='ltr'><em>oppo-</em></span> 
     </span>
     <span class='ocr_line' id='line_1_32' title="bbox 284 3211 1380 3286; baseline -0.006 -15"><span class='ocrx_word' id='word_1_300' title='bbox 284 3216 399 3272; x_wconf 87' lang='lat' dir='ltr'><em>sitiones</em></span> <span class='ocrx_word' id='word_1_301' title='bbox 426 3222 514 3286; x_wconf 78' lang='lat' dir='ltr'><em>amet3</em></span> <span class='ocrx_word' id='word_1_302' title='bbox 540 3217 569 3271; x_wconf 94' lang='lat' dir='ltr'><em>in</em></span> <span class='ocrx_word' id='word_1_303' title='bbox 594 3222 655 3272; x_wconf 86' lang='lat' dir='ltr'><em>tota</em></span> <span class='ocrx_word' id='word_1_304' title='bbox 682 3215 816 3270; x_wconf 85' lang='lat' dir='ltr'><em>Hadriani</em></span> <span class='ocrx_word' id='word_1_305' title='bbox 842 3213 961 3282; x_wconf 83' lang='lat' dir='ltr'><em>imagine</em></span> <span class='ocrx_word' id='word_1_306' title='bbox 991 3211 1181 3267; x_wconf 75' lang='lat' dir='ltr'><em>adumbrantia</em></span> <span class='ocrx_word' id='word_1_307' title='bbox 1210 3211 1380 3266; x_wconf 85' lang='lat' dir='ltr'><em>antitheseos</em></span> 
     </span>
     <span class='ocr_line' id='line_1_33' title="bbox 284 3299 1379 3372; baseline -0.004 -16"><span class='ocrx_word' id='word_1_308' title='bbox 284 3301 376 3371; x_wconf 82' lang='lat' dir='ltr'><em>figura</em></span> <span class='ocrx_word' id='word_1_309' title='bbox 399 3320 467 3359; x_wconf 88' lang='lat' dir='ltr'><em>usus</em></span> <span class='ocrx_word' id='word_1_310' title='bbox 491 3307 543 3360; x_wconf 90' lang='lat' dir='ltr'><em>est.</em></span> <span class='ocrx_word' id='word_1_311' title='bbox 580 3303 741 3372; x_wconf 83' lang='lat' dir='ltr'><em>Exemplum</em></span> <span class='ocrx_word' id='word_1_312' title='bbox 764 3301 872 3370; x_wconf 83' lang='lat' dir='ltr'><em>insigne</em></span> <span class='ocrx_word' id='word_1_313' title='bbox 896 3300 983 3355; x_wconf 89' lang='lat' dir='ltr'><em>habes</em></span> <span class='ocrx_word' id='word_1_314' title='bbox 1006 3299 1086 3367; x_wconf 90' lang='lat' dir='ltr'><em>XIV,</em></span> <span class='ocrx_word' id='word_1_315' title='bbox 1106 3301 1138 3353; x_wconf 88' lang='lat'><em>11</em></span> <span class='ocrx_word' id='word_1_316' title='bbox 1162 3315 1269 3353; x_wconf 79' lang='lat' dir='ltr'><em>severare</em></span> <span class='ocrx_word' id='word_1_317' title='bbox 1286 3301 1379 3366; x_wconf 74' lang='lat' dir='ltr'><em>tudem,</em></span> 
     </span>
     <span class='ocr_line' id='line_1_34' title="bbox 240 3386 1380 3460; baseline -0.003 -17"><span class='ocrx_word' id='word_1_318' title='bbox 240 3413 243 3421; x_wconf 28' lang='grc' dir='ltr'><strong>Δ</strong></span> <span class='ocrx_word' id='word_1_319' title='bbox 284 3390 366 3444; x_wconf 84' lang='lat' dir='ltr'><em>comis</em></span> <span class='ocrx_word' id='word_1_320' title='bbox 380 3390 473 3458; x_wconf 77' lang='lat' dir='ltr'><em>prunis</em></span> <span class='ocrx_word' id='word_1_321' title='bbox 485 3396 540 3458; x_wconf 82' lang='lat' dir='ltr'><em>ete,</em></span> <span class='ocrx_word' id='word_1_322' title='bbox 559 3405 641 3460; x_wconf 90' lang='lat' dir='ltr'><em>quem</em></span> <span class='ocrx_word' id='word_1_323' title='bbox 659 3390 749 3444; x_wconf 89' lang='lat' dir='ltr'><em>locum</em></span> <span class='ocrx_word' id='word_1_324' title='bbox 766 3387 820 3441; x_wconf 91' lang='lat' dir='ltr'><em>iam</em></span> <span class='ocrx_word' id='word_1_325' title='bbox 838 3403 924 3456; x_wconf 90' lang='lat' dir='ltr'><em>supra</em></span> <span class='ocrx_word' id='word_1_326' title='bbox 942 3386 1091 3456; x_wconf 74' lang='lat' dir='ltr'><em>exscripsi3</em></span> <span class='ocrx_word' id='word_1_327' title='bbox 1108 3387 1137 3441; x_wconf 92' lang='lat' dir='ltr'><em>in</em></span> <span class='ocrx_word' id='word_1_328' title='bbox 1155 3403 1178 3442; x_wconf 89' lang='lat' dir='ltr'><em>c.</em></span> <span class='ocrx_word' id='word_1_329' title='bbox 1196 3386 1258 3455; x_wconf 90' lang='lat' dir='ltr'><em>XV,</em></span> <span class='ocrx_word' id='word_1_330' title='bbox 1277 3388 1292 3440; x_wconf 85' lang='lat' dir='ltr'><em>i</em></span> <span class='ocrx_word' id='word_1_331' title='bbox 1314 3387 1380 3440; x_wconf 85' lang='lat' dir='ltr'><em>uui·</em></span> 
     </span>
     <span class='ocr_line' id='line_1_35' title="bbox 284 3472 1379 3543; baseline -0.004 -13"><span class='ocrx_word' id='word_1_332' title='bbox 284 3493 329 3531; x_wconf 93' lang='lat' dir='ltr'><em>cos</em></span> <span class='ocrx_word' id='word_1_333' title='bbox 348 3477 445 3532; x_wconf 81' lang='lat' dir='ltr'><em>ditavit</em></span> <span class='ocrx_word' id='word_1_334' title='bbox 463 3483 528 3532; x_wconf 85' lang='lat' dir='ltr'><em>etc..</em></span> <span class='ocrx_word' id='word_1_335' title='bbox 547 3517 553 3531; x_wconf 90' lang='lat'><strong>.</strong></span> <span class='ocrx_word' id='word_1_336' title='bbox 572 3517 578 3530; x_wconf 93' lang='lat'><strong>.</strong></span> <span class='ocrx_word' id='word_1_337' title='bbox 594 3477 665 3531; x_wconf 81' lang='lat' dir='ltr'><em>idern</em></span> <span class='ocrx_word' id='word_1_338' title='bbox 682 3482 785 3541; x_wconf 65' lang='lat' dir='ltr'><em>tonum</em></span> <span class='ocrx_word' id='word_1_339' title='bbox 801 3472 860 3529; x_wconf 88' lang='lat' dir='ltr'><em>ibid</em></span> <span class='ocrx_word' id='word_1_340' title='bbox 878 3475 893 3536; x_wconf 87' lang='lat'>5</span> <span class='ocrx_word' id='word_1_341' title='bbox 911 3475 945 3528; x_wconf 90' lang='lat'><em>10</em></span> <span class='ocrx_word' id='word_1_342' title='bbox 962 3475 1083 3542; x_wconf 83' lang='lat' dir='ltr'><em>quamuis</em></span> <span class='ocrx_word' id='word_1_343' title='bbox 1102 3514 1127 3526; x_wconf 89' lang='lat'><em>..</em></span> <span class='ocrx_word' id='word_1_344' title='bbox 1145 3514 1151 3527; x_wconf 91' lang='lat'><em>.</em></span> <span class='ocrx_word' id='word_1_345' title='bbox 1169 3480 1272 3541; x_wconf 67' lang='lat' dir='ltr'><em>tomeu-</em></span> <span class='ocrx_word' id='word_1_346' title='bbox 1289 3487 1379 3543; x_wconf 90' lang='lat' dir='ltr'><em>neque</em></span> 
     </span>
     <span class='ocr_line' id='line_1_36' title="bbox 286 3560 1380 3630; baseline -0.004 -13"><span class='ocrx_word' id='word_1_347' title='bbox 286 3562 466 3618; x_wconf 90' lang='lat' dir='ltr'><em>omittendum</em></span> <span class='ocrx_word' id='word_1_348' title='bbox 484 3569 528 3618; x_wconf 90' lang='lat' dir='ltr'><em>est</em></span> <span class='ocrx_word' id='word_1_349' title='bbox 545 3563 607 3630; x_wconf 92' lang='lat' dir='ltr'><em>XV,</em></span> <span class='ocrx_word' id='word_1_350' title='bbox 626 3564 641 3616; x_wconf 91' lang='lat'>1</span> <span class='ocrx_word' id='word_1_351' title='bbox 670 3561 789 3626; x_wconf 78' lang='lat' dir='ltr'><em>(diluuii)</em></span> <span class='ocrx_word' id='word_1_352' title='bbox 815 3601 870 3615; x_wconf 86' lang='lat'><em>...</em></span> <span class='ocrx_word' id='word_1_353' title='bbox 894 3577 951 3616; x_wconf 88' lang='lat' dir='ltr'><em>uou</em></span> <span class='ocrx_word' id='word_1_354' title='bbox 969 3567 1104 3628; x_wconf 78' lang='lat' dir='ltr'><em>petentes,</em></span> <span class='ocrx_word' id='word_1_355' title='bbox 1125 3560 1206 3625; x_wconf 86' lang='lat' dir='ltr'><em>(cum)</em></span> <span class='ocrx_word' id='word_1_356' title='bbox 1231 3561 1380 3628; x_wconf 78' lang='lat' dir='ltr'><em>petentibus</em></span> 
     </span>
     <span class='ocr_line' id='line_1_37' title="bbox 288 3645 1380 3719; baseline -0.003 -16"><span class='ocrx_word' id='word_1_357' title='bbox 288 3649 369 3716; x_wconf 73' lang='lat' dir='ltr'><em>(aiod</em></span> <span class='ocrx_word' id='word_1_358' title='bbox 385 3650 515 3717; x_wconf 79' lang='lat' dir='ltr'><em>uepurd).</em></span> <span class='ocrx_word' id='word_1_359' title='bbox 542 3649 635 3717; x_wconf 85' lang='lat' dir='ltr'><em>Adde,</em></span> <span class='ocrx_word' id='word_1_360' title='bbox 654 3663 767 3719; x_wconf 86' lang='lat' dir='ltr'><em>quaese,</em></span> <span class='ocrx_word' id='word_1_361' title='bbox 786 3647 923 3716; x_wconf 89' lang='lat' dir='ltr'><em>asyndeta</em></span> <span class='ocrx_word' id='word_1_362' title='bbox 942 3645 1131 3712; x_wconf 73' lang='lat' dir='ltr'><em>trimembria²i</em></span> <span class='ocrx_word' id='word_1_363' title='bbox 1149 3646 1249 3701; x_wconf 83' lang='lat' dir='ltr'><em>haece:</em></span> <span class='ocrx_word' id='word_1_364' title='bbox 1267 3646 1344 3714; x_wconf 87' lang='lat' dir='ltr'><em>XIV,</em></span> <span class='ocrx_word' id='word_1_365' title='bbox 1362 3647 1380 3699; x_wconf 92' lang='lat'>8</span> 
     </span>
    </p>
   </div>
   <div class='ocr_carea' id='block_1_3' title="bbox 359 3785 1381 4324">
    <p class='ocr_par' dir='ltr' id='par_1_4' title="bbox 360 3785 1380 3977">
     <span class='ocr_line' id='line_1_38' title="bbox 360 3785 1380 3839; baseline -0.005 -10"><span class='ocrx_word' id='word_1_366' title='bbox 360 3787 377 3839; x_wconf 89' lang='lat'><em>1)</em></span> <span class='ocrx_word' id='word_1_367' title='bbox 391 3789 509 3829; x_wconf 80' lang='lat' dir='ltr'><em>Enimvero</em></span> <span class='ocrx_word' id='word_1_368' title='bbox 530 3788 553 3828; x_wconf 86' lang='lat' dir='ltr'><em>ld</em></span> <span class='ocrx_word' id='word_1_369' title='bbox 570 3788 642 3838; x_wconf 88' lang='lat' dir='ltr'><em>potius</em></span> <span class='ocrx_word' id='word_1_370' title='bbox 655 3787 795 3828; x_wconf 77' lang='lat' dir='ltr'><em>aemulationi</em></span> <span class='ocrx_word' id='word_1_371' title='bbox 809 3789 873 3836; x_wconf 79' lang='lat' dir='ltr'><em>atque</em></span> <span class='ocrx_word' id='word_1_372' title='bbox 893 3786 990 3827; x_wconf 84' lang='lat' dir='ltr'><em>invidiae</em></span> <span class='ocrx_word' id='word_1_373' title='bbox 1009 3785 1148 3826; x_wconf 86' lang='lat' dir='ltr'><em>tribuendum</em></span> <span class='ocrx_word' id='word_1_374' title='bbox 1168 3791 1206 3826; x_wconf 88' lang='lat' dir='ltr'><em>est.</em></span> <span class='ocrx_word' id='word_1_375' title='bbox 1233 3785 1327 3826; x_wconf 86' lang='lat' dir='ltr'><em>Omnino</em></span> <span class='ocrx_word' id='word_1_376' title='bbox 1353 3795 1380 3825; x_wconf 82' lang='lat' dir='ltr'><em>ea</em></span> 
     </span>
     <span class='ocr_line' id='line_1_39' title="bbox 390 3854 1378 3909; baseline -0.003 -11"><span class='ocrx_word' id='word_1_377' title='bbox 390 3859 510 3909; x_wconf 85' lang='lat' dir='ltr'><em>oppositio,</em></span> <span class='ocrx_word' id='word_1_378' title='bbox 524 3857 610 3906; x_wconf 81' lang='lat' dir='ltr'><em>qualem</em></span> <span class='ocrx_word' id='word_1_379' title='bbox 629 3856 686 3906; x_wconf 84' lang='lat' dir='ltr'><em>apud</em></span> <span class='ocrx_word' id='word_1_380' title='bbox 699 3856 839 3906; x_wconf 75' lang='lat' dir='ltr'><em>spartianum</em></span> <span class='ocrx_word' id='word_1_381' title='bbox 858 3857 976 3908; x_wconf 80' lang='lat' dir='ltr'><em>habemus,</em></span> <span class='ocrx_word' id='word_1_382' title='bbox 990 3857 1124 3905; x_wconf 78' lang='lat' dir='ltr'><em>aliquantum</em></span> <span class='ocrx_word' id='word_1_383' title='bbox 1143 3854 1228 3895; x_wconf 80' lang='lat' dir='ltr'><em>detorta</em></span> <span class='ocrx_word' id='word_1_384' title='bbox 1245 3857 1293 3907; x_wconf 87' lang='lat' dir='ltr'><em>est,</em></span> <span class='ocrx_word' id='word_1_385' title='bbox 1307 3864 1378 3903; x_wconf 87' lang='lat' dir='ltr'><em>neque</em></span> 
     </span>
     <span class='ocr_line' id='line_1_40' title="bbox 389 3925 900 3977; baseline -0.004 -10"><span class='ocrx_word' id='word_1_386' title='bbox 389 3931 463 3967; x_wconf 87' lang='lat' dir='ltr'><em>tamen</em></span> <span class='ocrx_word' id='word_1_387' title='bbox 477 3927 567 3968; x_wconf 88' lang='lat' dir='ltr'><em>dubium</em></span> <span class='ocrx_word' id='word_1_388' title='bbox 581 3929 621 3977; x_wconf 88' lang='lat' dir='ltr'><em>est,</em></span> <span class='ocrx_word' id='word_1_389' title='bbox 635 3927 705 3976; x_wconf 80' lang='lat' dir='ltr'><em>qualis</em></span> <span class='ocrx_word' id='word_1_390' title='bbox 719 3925 854 3966; x_wconf 84' lang='lat' dir='ltr'><em>restituenda</em></span> <span class='ocrx_word' id='word_1_391' title='bbox 867 3926 900 3966; x_wconf 78' lang='lat' dir='ltr'><em>sit</em></span> 
     </span>
    </p>

    <p class='ocr_par' dir='ltr' id='par_1_5' title="bbox 359 3990 1381 4324">
     <span class='ocr_line' id='line_1_41' title="bbox 359 3990 1375 4049; baseline -0.004 -13"><span class='ocrx_word' id='word_1_392' title='bbox 359 3994 377 4049; x_wconf 67' lang='grc'><em>2)</em></span> <span class='ocrx_word' id='word_1_393' title='bbox 391 3995 515 4036; x_wconf 78' lang='lat' dir='ltr'><em>Cuiusmodi</em></span> <span class='ocrx_word' id='word_1_394' title='bbox 529 3995 635 4044; x_wconf 81' lang='lat' dir='ltr'><em>asyndeta</em></span> <span class='ocrx_word' id='word_1_395' title='bbox 648 3997 702 4036; x_wconf 76' lang='lat' dir='ltr'><em>alias</em></span> <span class='ocrx_word' id='word_1_396' title='bbox 715 4006 800 4045; x_wconf 87' lang='lat' dir='ltr'><em>quoque</em></span> <span class='ocrx_word' id='word_1_397' title='bbox 813 3997 929 4043; x_wconf 83' lang='lat' dir='ltr'><em>occurrunt</em></span> <span class='ocrx_word' id='word_1_398' title='bbox 943 4005 961 4036; x_wconf 84' lang='lat' dir='ltr'><em>e.</em></span> <span class='ocrx_word' id='word_1_399' title='bbox 975 3996 1026 4044; x_wconf 67' lang='lat' dir='ltr'><em>gin</em></span> <span class='ocrx_word' id='word_1_400' title='bbox 1039 3995 1080 4034; x_wconf 80' lang='lat' dir='ltr'><em>hnc</em></span> <span class='ocrx_word' id='word_1_401' title='bbox 1093 3995 1142 4042; x_wconf 82' lang='lat' dir='ltr'><em>ipsa</em></span> <span class='ocrx_word' id='word_1_402' title='bbox 1150 3993 1202 4044; x_wconf 80' lang='lat' dir='ltr'><em>vitu,</em></span> <span class='ocrx_word' id='word_1_403' title='bbox 1209 3992 1257 4044; x_wconf 85' lang='lat' dir='ltr'><em>XX,</em></span> <span class='ocrx_word' id='word_1_404' title='bbox 1268 3996 1292 4032; x_wconf 88' lang='lat'><em>11</em></span> <span class='ocrx_word' id='word_1_405' title='bbox 1303 3990 1375 4043; x_wconf 82' lang='lat' dir='ltr'><em>&#39;scrip-</em></span> 
     </span>
     <span class='ocr_line' id='line_1_42' title="bbox 389 4060 1379 4118; baseline -0.003 -12"><span class='ocrx_word' id='word_1_406' title='bbox 389 4068 418 4106; x_wconf 86' lang='lat' dir='ltr'><em>slt</em></span> <span class='ocrx_word' id='word_1_407' title='bbox 435 4065 526 4106; x_wconf 77' lang='lat' dir='ltr'><em>dietavit</em></span> <span class='ocrx_word' id='word_1_408' title='bbox 544 4063 640 4117; x_wconf 69' lang='lat' dir='ltr'><em>audivit,</em></span> <span class='ocrx_word' id='word_1_409' title='bbox 654 4066 678 4106; x_wconf 87' lang='lat' dir='ltr'><em>ln</em></span> <span class='ocrx_word' id='word_1_410' title='bbox 691 4066 730 4107; x_wconf 83' lang='lat' dir='ltr'><em>vit.</em></span> <span class='ocrx_word' id='word_1_411' title='bbox 744 4064 795 4106; x_wconf 76' lang='lat' dir='ltr'><em>Ant.</em></span> <span class='ocrx_word' id='word_1_412' title='bbox 814 4065 866 4114; x_wconf 87' lang='lat' dir='ltr'><em>phil.</em></span> <span class='ocrx_word' id='word_1_413' title='bbox 887 4064 935 4118; x_wconf 88' lang='lat'><em>111,</em></span> <span class='ocrx_word' id='word_1_414' title='bbox 948 4065 961 4104; x_wconf 84' lang='lat'>5</span> <span class='ocrx_word' id='word_1_415' title='bbox 975 4062 1041 4105; x_wconf 82' lang='lat' dir='ltr'><em>&#39;cuitu</em></span> <span class='ocrx_word' id='word_1_416' title='bbox 1054 4064 1131 4103; x_wconf 83' lang='lat' dir='ltr'><em>hostiis</em></span> <span class='ocrx_word' id='word_1_417' title='bbox 1149 4060 1252 4114; x_wconf 86' lang='lat' dir='ltr'><em>floribus&#39;,</em></span> <span class='ocrx_word' id='word_1_418' title='bbox 1266 4063 1311 4103; x_wconf 86' lang='lat' dir='ltr'><em>lbld</em></span> <span class='ocrx_word' id='word_1_419' title='bbox 1325 4063 1352 4114; x_wconf 88' lang='lat' dir='ltr'><em>V,</em></span> <span class='ocrx_word' id='word_1_420' title='bbox 1367 4066 1379 4103; x_wconf 88' lang='lat'>8</span> 
     </span>
     <span class='ocr_line' id='line_1_43' title="bbox 389 4131 1374 4186; baseline -0.003 -11"><span class='ocrx_word' id='word_1_421' title='bbox 389 4133 462 4185; x_wconf 76' lang='lat' dir='ltr'><em>&#39;agere</em></span> <span class='ocrx_word' id='word_1_422' title='bbox 475 4135 545 4176; x_wconf 85' lang='lat' dir='ltr'><em>dicere</em></span> <span class='ocrx_word' id='word_1_423' title='bbox 559 4132 672 4185; x_wconf 82' lang='lat' dir='ltr'><em>cogitare&#39;;</em></span> <span class='ocrx_word' id='word_1_424' title='bbox 691 4135 738 4176; x_wconf 83' lang='lat' dir='ltr'><em>ibid</em></span> <span class='ocrx_word' id='word_1_425' title='bbox 752 4134 862 4186; x_wconf 80' lang='lat' dir='ltr'><em>xxv1,s</em></span> <span class='ocrx_word' id='word_1_426' title='bbox 876 4132 959 4176; x_wconf 70' lang='lat' dir='ltr'><em>’madiis</em></span> <span class='ocrx_word' id='word_1_427' title='bbox 972 4135 1059 4183; x_wconf 85' lang='lat' dir='ltr'><em>templis</em></span> <span class='ocrx_word' id='word_1_428' title='bbox 1072 4131 1137 4174; x_wconf 87' lang='lat' dir='ltr'><em>locis&#39;.</em></span> <span class='ocrx_word' id='word_1_429' title='bbox 1164 4133 1233 4173; x_wconf 88' lang='lat' dir='ltr'><em>Porro</em></span> <span class='ocrx_word' id='word_1_430' title='bbox 1247 4133 1270 4172; x_wconf 86' lang='lat' dir='ltr'><em>ci</em></span> <span class='ocrx_word' id='word_1_431' title='bbox 1282 4143 1310 4172; x_wconf 88' lang='lat' dir='ltr'><em>cx</em></span> <span class='ocrx_word' id='word_1_432' title='bbox 1324 4133 1374 4182; x_wconf 83' lang='lat' dir='ltr'><em>Epi-</em></span> 
     </span>
     <span class='ocr_line' id='line_1_44' title="bbox 390 4203 1380 4257; baseline -0.005 -12"><span class='ocrx_word' id='word_1_433' title='bbox 390 4208 468 4257; x_wconf 85' lang='lat' dir='ltr'><em>tomue,</em></span> <span class='ocrx_word' id='word_1_434' title='bbox 482 4215 537 4253; x_wconf 85' lang='lat' dir='ltr'><em>quae</em></span> <span class='ocrx_word' id='word_1_435' title='bbox 545 4204 630 4246; x_wconf 86' lang='lat' dir='ltr'><em>Aurelii</em></span> <span class='ocrx_word' id='word_1_436' title='bbox 644 4204 738 4246; x_wconf 86' lang='lat' dir='ltr'><em>Victoris</em></span> <span class='ocrx_word' id='word_1_437' title='bbox 751 4205 827 4256; x_wconf 78' lang='lat' dir='ltr'><em>femur,</em></span> <span class='ocrx_word' id='word_1_438' title='bbox 837 4205 875 4245; x_wconf 86' lang='lat' dir='ltr'><em>vit.</em></span> <span class='ocrx_word' id='word_1_439' title='bbox 886 4203 960 4256; x_wconf 81' lang='lat' dir='ltr'><em>Hadr,</em></span> <span class='ocrx_word' id='word_1_440' title='bbox 974 4214 1029 4252; x_wconf 81' lang='lat' dir='ltr'><em>quas</em></span> <span class='ocrx_word' id='word_1_441' title='bbox 1045 4204 1111 4244; x_wconf 83' lang='lat' dir='ltr'><em>etiam</em></span> <span class='ocrx_word' id='word_1_442' title='bbox 1125 4203 1173 4242; x_wconf 87' lang='lat' dir='ltr'><em>aliis</em></span> <span class='ocrx_word' id='word_1_443' title='bbox 1186 4203 1209 4242; x_wconf 89' lang='lat' dir='ltr'><em>in</em></span> <span class='ocrx_word' id='word_1_444' title='bbox 1224 4203 1289 4243; x_wconf 87' lang='lat' dir='ltr'><em>rebus</em></span> <span class='ocrx_word' id='word_1_445' title='bbox 1302 4203 1380 4240; x_wconf 88' lang='lat' dir='ltr'><em>mirum</em></span> 
     </span>
     <span class='ocr_line' id='line_1_45' title="bbox 390 4269 1381 4324; baseline -0.003 -11"><span class='ocrx_word' id='word_1_446' title='bbox 390 4275 414 4314; x_wconf 90' lang='lat' dir='ltr'><em>in</em></span> <span class='ocrx_word' id='word_1_447' title='bbox 434 4273 522 4314; x_wconf 85' lang='lat' dir='ltr'><em>modum</em></span> <span class='ocrx_word' id='word_1_448' title='bbox 540 4284 588 4314; x_wconf 87' lang='lat' dir='ltr'><em>eum</em></span> <span class='ocrx_word' id='word_1_449' title='bbox 605 4273 647 4315; x_wconf 81' lang='lat' dir='ltr'><em>hae</em></span> <span class='ocrx_word' id='word_1_450' title='bbox 666 4277 728 4324; x_wconf 84' lang='lat' dir='ltr'><em>purte</em></span> <span class='ocrx_word' id='word_1_451' title='bbox 749 4273 861 4324; x_wconf 78' lang='lat' dir='ltr'><em>sparnum</em></span> <span class='ocrx_word' id='word_1_452' title='bbox 882 4273 1002 4323; x_wconf 78' lang='lat' dir='ltr'><em>conspiret,</em></span> <span class='ocrx_word' id='word_1_453' title='bbox 1020 4273 1085 4313; x_wconf 82' lang='lat' dir='ltr'><em>haee:</em></span> <span class='ocrx_word' id='word_1_454' title='bbox 1107 4273 1131 4311; x_wconf 92' lang='lat' dir='ltr'><em>in</em></span> <span class='ocrx_word' id='word_1_455' title='bbox 1153 4273 1165 4318; x_wconf 84' lang='lat'>5</span> <span class='ocrx_word' id='word_1_456' title='bbox 1184 4269 1275 4312; x_wconf 82' lang='lat' dir='ltr'><em>5&#39;loeou</em></span> <span class='ocrx_word' id='word_1_457' title='bbox 1293 4271 1381 4319; x_wconf 82' lang='lat' dir='ltr'><em>negotis</em></span> 
     </span>
    </p>
   </div>
   <div class='ocr_carea' id='block_1_4' title="bbox 0 0 1561 4868">
    <p class='ocr_par' dir='ltr' id='par_1_6' title="bbox 0 0 1561 4868">
     <span class='ocr_line' id='line_1_46' title="bbox 0 0 1561 4868; baseline 0 0"><span class='ocrx_word' id='word_1_458' title='bbox 0 0 1561 4868; x_wconf 95' lang='lat' dir='ltr'><em> </em></span> 
     </span>
    </p>
   </div>
  </div>
 </body>
</html>
