3112 4874
793 432 835 497 28

753 523 855 531 Μ

265 626 332 696 quid
350 625 454 682 addere
473 626 589 683 debuit?
608 627 706 697 Itaque
724 628 811 684 verba
828 628 875 684 illa
893 626 972 683 Marii
989 627 1100 683 Maximi
1119 623 1357 695 epitomatoribus,

263 713 389 772 nondico
397 713 580 785 scriptoribus
589 716 886 786 historiaeAugustae,
894 733 975 787 quam
985 722 1196 784 nunetenemus,
1204 716 1358 772 acdeorum

262 802 394 871 fontibus,
404 804 451 872 qui
470 810 498 859 et
514 805 569 872 ipsi
587 804 718 860 cxMario
737 805 856 859 Maximo
876 805 1097 873 dependemus),
1106 803 1269 872 imputanda
1286 810 1358 859 sunt

333 891 388 947 Sed
406 891 492 946 multa
510 892 564 946 alia
582 899 689 948 restant
714 894 743 947 in
760 892 826 948 ritis
845 892 970 960 Septimii
989 879 1085 947 Severi
1103 898 1132 946 ct
1149 891 1293 958 Caracalli,
1311 907 1357 946 ve·

263 979 313 1034 luti
331 977 487 1034 Hoefncrus
505 980 622 1034 Marium
639 980 787 1034 Maximum
804 979 948 1046 increpuit,
962 979 1037 1047 quod
1055 979 1243 1048 ignoravisset
1260 978 1357 1033 Iuliam

264 1072 387 1134 matrem,
406 1083 462 1120 non
479 1082 629 1120 novercam
647 1066 782 1122 Caracalli
799 1064 917 1132 nurse),
935 1071 964 1120 et
981 1065 1057 1135 quod
1075 1066 1248 1134 impudenter
1264 1066 1357 1122 Bassi·

184 1211 187 1217 ,
264 1169 345 1210 anum
364 1153 453 1222 stupri
473 1169 534 1208 cum
553 1153 623 1208 lulia
640 1151 706 1209 facti
724 1151 977 1220 insimulavisset³);
1000 1167 1084 1220 porro
1104 1167 1154 1219 ca,
1173 1153 1290 1222 quaein
1309 1153 1358 1208 vit.

264 1240 327 1296 Sev.
345 1240 391 1307 ΙΙ,
411 1242 480 1294 1-2
497 1240 655 1308 retulisset,
674 1239 798 1295 funditus
817 1255 881 1294 esse
900 1237 1040 1304 conficta4)
1058 1239 1233 1308 maligneque
1253 1240 1356 1296 Severo
1436 1279 1437 1282 ι

265 1328 409 1396 adspersa,
428 1327 481 1383 sibi
499 1328 553 1396 ipsi
572 1333 664 1382 autem
682 1327 799 1381 Marium
816 1343 870 1381 non
889 1332 1026 1394 constare,
1043 1342 1105 1381 cum
1117 1326 1297 1394 Caracallum,
1311 1327 1358 1394 qui

264 1431 288 1468 a.
308 1415 359 1469 188
376 1415 405 1470 in
422 1415 566 1482 provincia
584 1415 765 1484 lugdunensi
784 1419 864 1470 natus
883 1414 927 1481 sit,
945 1420 1003 1469 tum
1021 1429 1083 1467 cum
1100 1419 1180 1480 pater
1197 1414 1226 1468 in
1244 1412 1356 1468 Cerma-

263 1503 336 1556 uiam
353 1501 586 1570 proficisceretur,
605 1503 807 1571 quinquennem
825 1517 942 1570 puerum
951 1499 1047 1556 inisse
1065 1499 1170 1567 dicad),
1188 1515 1239 1554 nec
1257 1500 1356 1566 minus,

263 1589 340 1658 quod
358 1589 393 1656 V,
411 1589 428 1643 5
446 1590 618 1658 persuadere
634 1589 715 1644 nobis
744 1595 876 1656 conetur,
895 1589 1009 1643 invitum
1028 1588 1158 1644 Severum
1182 1603 1213 1642 se
1239 1586 1355 1656 imperu-

262 1681 350 1732 torem
369 1676 465 1732 vocari
483 1693 595 1744 passum
614 1693 684 1744 esse,
704 1693 765 1732 cum
784 1682 847 1732 aute
866 1674 1013 1732 confessus
1032 1675 1081 1742 sit,
1100 1674 1259 1730 iamdudum
1281 1673 1357 1729 illum

262 1763 399 1819 ominibus
423 1769 451 1818 et
468 1763 587 1818 oraculis
605 1762 704 1820 fretum
728 1763 872 1833 imperium
890 1763 1050 1830 speravisse
1059 1761 1096 1830 θ),
1122 1761 1224 1818 deinde
1240 1761 1357 1816 Marium

264 1850 411 1906 Maximum
438 1850 511 1905 etin
528 1851 586 1905 vita
605 1850 702 1905 Iuliani
729 1856 757 1905 et
783 1851 811 1904 in
836 1851 895 1906 vita
914 1850 1009 1906 Severi
1035 1850 1064 1904 in
1090 1848 1274 1904 describenda
1300 1849 1359 1903 vita

264 1937 372 2004 privata
391 1953 534 1992 munerum
552 1937 676 1992 ordinem
694 1936 905 2006 perturbavisse
929 1935 1046 2004 putati),
1073 1937 1210 2004 denique,
1235 1936 1264 1990 id
1283 1935 1359 2003 quod

263 2024 457 2093 gravissimum
476 2031 527 2092 cst,
545 2025 574 2079 in
592 2024 675 2080 rebus
694 2023 893 2093 geographicis
913 2024 984 2078 adeo
1002 2023 1078 2078 illum
1096 2023 1194 2078 rudem
1214 2021 1310 2089 fuisse,
1328 2027 1360 2077 ut

264 2111 441 2178 Carnuntum,
460 2117 544 2179 caput
560 2111 733 2179 Pannoniae,
752 2113 780 2167 in
798 2111 945 2166 Germania
962 2110 1044 2166 situm
1061 2125 1124 2164 esse
1142 2108 1311 2176 crederet⁸),
1328 2108 1358 2163 id

264 2215 353 2268 genus
372 2199 434 2265 alia,
454 2199 642 2268 quaecmnia,
662 2198 745 2254 sicuti
762 2197 880 2254 facultas
899 2198 1018 2262 dabitur,
1038 2197 1160 2253 conabor
1177 2196 1291 2252 diluere.

333 2286 498 2356 Priusquam
515 2285 577 2354 ipse
596 2287 632 2342 ad
651 2302 709 2341 rem
734 2287 882 2354 accedam,
900 2286 1014 2355 paucis,
1033 2301 1104 2354 quae
1132 2284 1223 2340 adhuc
1250 2283 1360 2352 prolata

263 2379 335 2447 sunt,
354 2373 592 2441 comprehendam.
611 2373 655 2428 Ac
667 2375 784 2442 primum
798 2373 910 2443 quidem
923 2372 1080 2438 Muellerum,
1099 2371 1146 2440 qui
1158 2370 1244 2426 ubere
1257 2371 1293 2425 de
1305 2370 1359 2424 hac

96 2475 97 2478 ¹
182 2509 183 2512 ,
264 2460 322 2514 vita
340 2460 487 2528 disseruit,
516 2476 588 2528 quae
607 2461 743 2530 capitibus
762 2460 865 2514 I-XX
890 2460 1071 2526 continentur,
1089 2473 1177 2526 paene
1204 2457 1296 2512 omnia
1324 2457 1360 2512 ad

264 2547 380 2602 Marium
398 2547 544 2602 Maximum
563 2545 666 2602 referre
684 2547 802 2614 videtur,
815 2547 851 2601 de
870 2553 992 2602 extrema
1010 2553 1101 2601 autem
1119 2552 1199 2613 parte
1213 2545 1279 2615 quid
1299 2561 1359 2599 sen-

263 2633 315 2688 tiat
333 2633 444 2688 omnino
463 2649 518 2688 non
536 2633 675 2701 aperuit9).
694 2633 845 2690 Ruebelius
864 2639 961 2689 contra
980 2641 1008 2688 et
1020 2649 1043 2687 c.
1059 2632 1087 2686 II
1105 2639 1134 2688 et
1146 2648 1169 2686 c.
1182 2631 1259 2699 XIX,
1272 2631 1358 2684 7-10

263 2735 314 2774 uec
331 2736 387 2776 non
406 2736 428 2774 c.
448 2721 662 2776 XXM—XXIV
680 2721 783 2788 Cordo,
803 2737 825 2775 c.
844 2721 898 2776 XX
917 2727 945 2776 et
962 2719 1030 2774 XXI
1052 2725 1143 2775 autem
1161 2718 1241 2774 Helio
1260 2717 1358 2773 Mauro

265 2805 368 2874 tribuit,
387 2822 448 2861 cum
467 2813 559 2862 cetera
577 2807 669 2862 omnia
688 2808 775 2862 Mario
794 2808 914 2863 Maximo
933 2805 1140 2876 relinqueretm).
1169 2805 1210 2860 De
1228 2804 1359 2860 Hoefneri

265 2893 399 2948 sententia
415 2891 487 2948 infra
503 2893 584 2949 nobis
603 2895 760 2950 accuratius
779 2895 976 2964 disputandum
994 2895 1055 2950 erit.

334 2979 372 3035 Ut
389 2995 477 3048 paene
494 2986 581 3036 totam
599 2981 685 3037 vitam
703 2981 791 3037 Mario
811 2983 973 3052 assignaret,
989 2980 1139 3036 Ruebelius
1157 2996 1191 3036 eo
1205 2985 1359 3034 commotus

265 3073 323 3133 est,
342 3066 418 3137 quod
436 3067 587 3123 Marianam
613 3067 688 3124 illam
715 3069 927 3138 dispositionem
952 3084 1104 3137 agnoscere
1130 3066 1183 3122 sibi
1201 3067 1279 3122 visus
1306 3072 1357 3121 est.

265 3153 342 3218 Quae
368 3155 504 3209 sententia
531 3171 696 3225 quamquam
723 3156 837 3213 multum
864 3156 960 3223 abest,
978 3162 1009 3212 ut
1034 3161 1095 3210 tota
1121 3154 1233 3222 probari
1261 3153 1358 3222 possit,

265 3247 356 3296 tamen
375 3241 581 3297 concedendum
601 3249 659 3311 est,
678 3243 707 3297 in
725 3249 857 3312 quattuor
883 3242 1024 3310 prioribus
1042 3240 1179 3309 capitibus
1197 3257 1243 3296 res
1263 3257 1358 3296 secun-

265 3328 330 3383 dum
349 3327 465 3382 eundem
484 3328 625 3397 ordinem,
644 3330 692 3400 qui
718 3331 746 3384 in
765 3330 864 3385 ceteris
882 3330 947 3385 vitis
966 3346 981 3384 e
999 3329 1086 3384 Mario
1104 3328 1224 3383 Maximo
1250 3327 1359 3383 haustis

265 3429 374 3483 semper
392 3414 557 3472 observatus
577 3422 632 3484 est,
651 3424 778 3473 narratas
803 3433 879 3472 csse:
905 3417 996 3486 agitur
1014 3417 1133 3485 primum
1152 3415 1187 3471 de
1205 3415 1314 3484 origine
1331 3421 1360 3468 et

264 3498 368 3556 familia
381 3497 475 3557 Severi
493 3503 515 3571 l,
528 3504 604 3571 1-3,
617 3503 717 3559 deinde
737 3505 771 3559 de
783 3504 903 3573 pueritia
918 3510 1001 3573 atque
1013 3504 1179 3559 educatione
1197 3503 1358 3558 litterarum-

237 3605 241 3614 ·
266 3604 320 3657 que
338 3589 438 3644 studiis
456 3589 478 3657 I,
491 3590 568 3658 4—5,
580 3597 638 3646 turn
657 3593 692 3647 de
709 3590 869 3648 muneribus
887 3590 1007 3660 publicis
1025 3591 1048 3659 1,
1061 3589 1161 3658 5-IV,
1175 3590 1199 3658 7,
1213 3590 1257 3646 cui
1267 3604 1359 3643 narra·

263 3674 342 3742 tioni,
360 3681 391 3730 ut
408 3674 468 3730 fieri
486 3677 565 3747 solet,
584 3677 629 3733 hic
647 3678 703 3733 illic
721 3679 813 3734 omina
831 3683 859 3735 et
877 3680 1003 3747 oracula,
1023 3693 1094 3748 quae
1114 3678 1216 3734 Severo
1237 3674 1359 3731 futurum

265 3761 410 3828 imperium
427 3762 597 3820 indicavisse
616 3764 753 3834 dicuntur,
770 3765 876 3821 inserta
894 3771 966 3821 sunt.

341 3931 359 3985 1)
373 3935 401 3974 Iu
414 3937 466 3976 viiie
480 3937 547 3988 Helii,
560 3936 677 3977 Pescennii
692 3938 761 3989 Nigri,
775 3937 845 3978 Clodii
858 3935 935 3979 Albini
949 3948 989 3978 nec
1003 3939 1124 3980 nondetae
1137 3937 1230 3977 Marium
1240 3935 1359 3976 Maximum

370 4017 414 4046 non
427 4008 561 4059 primarium,
575 4007 614 4046 sed
627 4007 778 4047 secundarium
792 4007 875 4059 iontem
888 4007 956 4047 inisse
966 4006 1125 4048 demonstrasse
1139 4007 1193 4046 mihi
1202 4007 1290 4048 videtur
1298 4005 1359 4046 Pleu

369 4077 392 4116 in
412 4080 585 4128 programmate,
605 4077 639 4116 cul
659 4077 769 4127 inscripsit
788 4077 884 4127 „Marius
904 4077 1012 4117 Maximus
1034 4079 1066 4116 uls
1085 4077 1167 4116 directe
1189 4077 1234 4116 und
1254 4076 1359 4116 indirecte

370 4146 447 4194 Qnelle
461 4145 499 4186 der
513 4148 586 4197 script.
600 4147 643 4203 hm
656 4144 714 4202 Aa&
728 4147 862 4199 strassburg,
877 4145 947 4189 1878ss

340 4213 360 4267 r)
374 4226 394 4266 p.
410 4217 440 4255 11.
482 4213 500 4266 a)
514 4227 535 4265 p.
550 4216 580 4257 11.
616 4208 642 4269 ‘q
670 4205 780 4267 psssoisr.
804 4215 872 4268 cairo.
888 4218 919 4258 14„
964 4213 983 4266 ο)
998 4226 1018 4265 p.
1032 4217 1063 4256 es
1105 4214 1126 4267 ⁶)
1139 4227 1159 4266 p.
1174 4218 1205 4257 rr.
1247 4215 1345 4268 qam

338 4283 358 4337 8)
375 4295 395 4337 p.
411 4286 441 4325 13.
474 4284 493 4337 ⁹)
508 4287 639 4339 Buedlnger,
653 4285 702 4336 111,
716 4297 737 4337 p.
752 4287 777 4328 ic
792 4295 823 4336 sq.
844 4284 873 4338 ¹⁰)
888 4297 909 4336 p.
924 4286 949 4328 5³
963 4295 996 4338 sq.
