<?xml version="1.0" encoding="UTF-8"?>
<!DOCTYPE html PUBLIC "-//W3C//DTD XHTML 1.0 Transitional//EN"
    "http://www.w3.org/TR/xhtml1/DTD/xhtml1-transitional.dtd">
<html xmlns="http://www.w3.org/1999/xhtml" xml:lang="en" lang="en">
 <head>
  <title>
</title>
<meta http-equiv="Content-Type" content="text/html;charset=utf-8" />
  <meta name='ocr-system' content='tesseract 3.04.00' />
  <meta name='ocr-capabilities' content='ocr_page ocr_carea ocr_par ocr_line ocrx_word'/>
</head>
<body>
  <div class='ocr_page' id='page_1' title='image "./defontibusvitar00perigoog_0048.png"; bbox 0 0 3112 4874; ppageno 0'>
   <div class='ocr_carea' id='block_1_1' title="bbox 271 431 1387 3304">
    <p class='ocr_par' dir='ltr' id='par_1_1' title="bbox 800 431 846 495">
     <span class='ocr_line' id='line_1_1' title="bbox 800 431 846 495; baseline 0 0"><span class='ocrx_word' id='word_1_1' title='bbox 800 431 846 495; x_wconf 76' lang='grc'><strong>’40</strong></span> 
     </span>
    </p>

    <p class='ocr_par' dir='ltr' id='par_1_2' title="bbox 273 623 1387 2870">
     <span class='ocr_line' id='line_1_2' title="bbox 278 623 1372 697; baseline 0.003 -17"><span class='ocrx_word' id='word_1_2' title='bbox 278 641 333 680; x_wconf 86' lang='lat' dir='ltr'><strong>non</strong></span> <span class='ocrx_word' id='word_1_3' title='bbox 351 624 445 692; x_wconf 81' lang='lat' dir='ltr'><strong>audet,</strong></span> <span class='ocrx_word' id='word_1_4' title='bbox 463 623 515 679; x_wconf 88' lang='lat' dir='ltr'><strong>sed</strong></span> <span class='ocrx_word' id='word_1_5' title='bbox 534 623 662 678; x_wconf 86' lang='lat' dir='ltr'><strong>concedit</strong></span> <span class='ocrx_word' id='word_1_6' title='bbox 673 623 701 690; x_wconf 73' lang='grc' dir='ltr'><strong>ι),</strong></span> <span class='ocrx_word' id='word_1_7' title='bbox 720 624 804 680; x_wconf 88' lang='lat' dir='ltr'><strong>alium</strong></span> <span class='ocrx_word' id='word_1_8' title='bbox 821 641 914 680; x_wconf 87' lang='lat' dir='ltr'><strong>rerum</strong></span> <span class='ocrx_word' id='word_1_9' title='bbox 935 625 1042 680; x_wconf 87' lang='lat' dir='ltr'><strong>illarum</strong></span> <span class='ocrx_word' id='word_1_10' title='bbox 1060 626 1206 696; x_wconf 83' lang='lat' dir='ltr'><strong>aequalem</strong></span> <span class='ocrx_word' id='word_1_11' title='bbox 1224 626 1372 697; x_wconf 83' lang='lat' dir='ltr'><strong>Spartiano</strong></span> 
     </span>
     <span class='ocr_line' id='line_1_3' title="bbox 277 710 1372 786; baseline 0.005 -20"><span class='ocrx_word' id='word_1_12' title='bbox 277 717 392 782; x_wconf 82' lang='lat' dir='ltr'><strong>praesto</strong></span> <span class='ocrx_word' id='word_1_13' title='bbox 415 710 517 778; x_wconf 85' lang='lat' dir='ltr'><strong>inisse,</strong></span> <span class='ocrx_word' id='word_1_14' title='bbox 543 710 605 780; x_wconf 87' lang='lat' dir='ltr'><strong>quis</strong></span> <span class='ocrx_word' id='word_1_15' title='bbox 628 711 752 779; x_wconf 76' lang='lat' dir='ltr'>intellegi</span> <span class='ocrx_word' id='word_1_16' title='bbox 775 717 870 780; x_wconf 88' lang='lat' dir='ltr'><strong>potest</strong></span> <span class='ocrx_word' id='word_1_17' title='bbox 892 712 945 766; x_wconf 89' lang='lat' dir='ltr'><strong>nisi</strong></span> <span class='ocrx_word' id='word_1_18' title='bbox 970 713 1071 768; x_wconf 78' lang='lat' dir='ltr'><strong>ilarius</strong></span> <span class='ocrx_word' id='word_1_19' title='bbox 1093 713 1237 770; x_wconf 78' lang='lat' dir='ltr'><strong>Maximus.</strong></span> <span class='ocrx_word' id='word_1_20' title='bbox 1273 716 1372 786; x_wconf 83' lang='lat' dir='ltr'><strong>Neque</strong></span> 
     </span>
     <span class='ocr_line' id='line_1_4' title="bbox 277 797 1372 868; baseline 0.004 -16"><span class='ocrx_word' id='word_1_21' title='bbox 277 797 433 854; x_wconf 84' lang='lat' dir='ltr'><strong>Hceinerus</strong></span> <span class='ocrx_word' id='word_1_22' title='bbox 460 797 571 853; x_wconf 83' lang='lat' dir='ltr'><strong>dubitet</strong></span> <span class='ocrx_word' id='word_1_23' title='bbox 599 803 710 864; x_wconf 84' lang='lat' dir='ltr'><strong>cetera,</strong></span> <span class='ocrx_word' id='word_1_24' title='bbox 738 813 809 868; x_wconf 88' lang='lat' dir='ltr'><strong>quae</strong></span> <span class='ocrx_word' id='word_1_25' title='bbox 838 799 913 868; x_wconf 86' lang='lat' dir='ltr'><strong>apud</strong></span> <span class='ocrx_word' id='word_1_26' title='bbox 939 799 1029 854; x_wconf 87' lang='lat' dir='ltr'><strong>solum</strong></span> <span class='ocrx_word' id='word_1_27' title='bbox 1057 800 1234 868; x_wconf 83' lang='lat' dir='ltr'><strong>Spartiauum</strong></span> <span class='ocrx_word' id='word_1_28' title='bbox 1260 809 1372 859; x_wconf 83' lang='lat' dir='ltr'><strong>servata</strong></span> 
     </span>
     <span class='ocr_line' id='line_1_5' title="bbox 279 883 1373 955; baseline 0.002 -15"><span class='ocrx_word' id='word_1_29' title='bbox 279 892 358 954; x_wconf 81' lang='lat' dir='ltr'><strong>sunt,</strong></span> <span class='ocrx_word' id='word_1_30' title='bbox 376 885 464 939; x_wconf 82' lang='lat' dir='ltr'><strong>llario</strong></span> <span class='ocrx_word' id='word_1_31' title='bbox 482 884 602 939; x_wconf 83' lang='lat' dir='ltr'><strong>Maximo</strong></span> <span class='ocrx_word' id='word_1_32' title='bbox 620 883 742 940; x_wconf 71' lang='lat' dir='ltr'><strong>uibrare</strong></span> <span class='ocrx_word' id='word_1_33' title='bbox 750 884 785 953; x_wconf 72' lang='lat'><strong>²),</strong></span> <span class='ocrx_word' id='word_1_34' title='bbox 804 901 827 940; x_wconf 93' lang='lat' dir='ltr'><strong>e.</strong></span> <span class='ocrx_word' id='word_1_35' title='bbox 846 901 874 954; x_wconf 82' lang='lat' dir='ltr'><strong>g.</strong></span> <span class='ocrx_word' id='word_1_36' title='bbox 893 886 970 955; x_wconf 90' lang='lat' dir='ltr'><strong>qnod</strong></span> <span class='ocrx_word' id='word_1_37' title='bbox 993 887 1159 954; x_wconf 85' lang='lat' dir='ltr'><strong>epitomator</strong></span> <span class='ocrx_word' id='word_1_38' title='bbox 1177 889 1253 944; x_wconf 86' lang='lat' dir='ltr'><strong>solus</strong></span> <span class='ocrx_word' id='word_1_39' title='bbox 1277 893 1373 944; x_wconf 84' lang='lat' dir='ltr'><strong>narrat</strong></span> 
     </span>
     <span class='ocr_line' id='line_1_6' title="bbox 277 970 1374 1043; baseline 0.004 -17"><span class='ocrx_word' id='word_1_40' title='bbox 277 971 413 1028; x_wconf 87' lang='lat' dir='ltr'><strong>lulianum</strong></span> <span class='ocrx_word' id='word_1_41' title='bbox 432 972 587 1026; x_wconf 87' lang='lat' dir='ltr'><strong>Lollianum</strong></span> <span class='ocrx_word' id='word_1_42' title='bbox 611 972 749 1040; x_wconf 89' lang='lat' dir='ltr'><strong>quendam</strong></span> <span class='ocrx_word' id='word_1_43' title='bbox 771 970 910 1026; x_wconf 87' lang='lat' dir='ltr'><strong>Titianum</strong></span> <span class='ocrx_word' id='word_1_44' title='bbox 934 971 1106 1040; x_wconf 69' lang='lat' dir='ltr'><strong>gladiatores</strong></span> <span class='ocrx_word' id='word_1_45' title='bbox 1129 973 1242 1043; x_wconf 79' lang='lat' dir='ltr'>Capuae</span> <span class='ocrx_word' id='word_1_46' title='bbox 1266 991 1374 1030; x_wconf 91' lang='lat' dir='ltr'><strong>armare</strong></span> 
     </span>
     <span class='ocr_line' id='line_1_7' title="bbox 277 1058 1373 1131; baseline 0.002 -17"><span class='ocrx_word' id='word_1_47' title='bbox 277 1060 407 1127; x_wconf 84' lang='lat' dir='ltr'><strong>iussisse,</strong></span> <span class='ocrx_word' id='word_1_48' title='bbox 427 1058 574 1114; x_wconf 80' lang='lat' dir='ltr'><strong>Claudium</strong></span> <span class='ocrx_word' id='word_1_49' title='bbox 592 1058 791 1126; x_wconf 85' lang='lat' dir='ltr'><strong>Pompeianum</strong></span> <span class='ocrx_word' id='word_1_50' title='bbox 809 1062 903 1112; x_wconf 87' lang='lat' dir='ltr'><strong>autern</strong></span> <span class='ocrx_word' id='word_1_51' title='bbox 920 1065 1076 1114; x_wconf 75' lang='lat' dir='ltr'><strong>consortem</strong></span> <span class='ocrx_word' id='word_1_52' title='bbox 1094 1060 1201 1129; x_wconf 89' lang='lat' dir='ltr'><strong>imperii</strong></span> <span class='ocrx_word' id='word_1_53' title='bbox 1225 1061 1373 1131; x_wconf 86' lang='lat' dir='ltr'><strong>designare</strong></span> 
     </span>
     <span class='ocr_line' id='line_1_8' title="bbox 277 1143 1387 1220; baseline 0 -18"><span class='ocrx_word' id='word_1_54' title='bbox 277 1146 433 1215; x_wconf 69' lang='lat' dir='ltr'><strong>volutae),</strong></span> <span class='ocrx_word' id='word_1_55' title='bbox 451 1159 536 1215; x_wconf 88' lang='lat' dir='ltr'><strong>porro</strong></span> <span class='ocrx_word' id='word_1_56' title='bbox 553 1143 654 1201; x_wconf 84' lang='lat' dir='ltr'><strong>milites</strong></span> <span class='ocrx_word' id='word_1_57' title='bbox 673 1161 707 1200; x_wconf 88' lang='lat' dir='ltr'><strong>ex</strong></span> <span class='ocrx_word' id='word_1_58' title='bbox 720 1143 834 1200; x_wconf 90' lang='lat' dir='ltr'><strong>Umbria</strong></span> <span class='ocrx_word' id='word_1_59' title='bbox 852 1145 889 1200; x_wconf 87' lang='lat' dir='ltr'><strong>ad</strong></span> <span class='ocrx_word' id='word_1_60' title='bbox 901 1144 1036 1202; x_wconf 85' lang='lat' dir='ltr'><strong>Severum</strong></span> <span class='ocrx_word' id='word_1_61' title='bbox 1053 1146 1234 1216; x_wconf 76' lang='lat' dir='ltr'><strong>transiisse⁴);</strong></span> <span class='ocrx_word' id='word_1_62' title='bbox 1252 1148 1387 1220; x_wconf 38' lang='lat' dir='ltr'><strong>denique·</strong></span> 
     </span>
     <span class='ocr_line' id='line_1_9' title="bbox 277 1232 1373 1304; baseline 0 -16"><span class='ocrx_word' id='word_1_63' title='bbox 277 1233 414 1288; x_wconf 89' lang='lat' dir='ltr'><strong>lulianum</strong></span> <span class='ocrx_word' id='word_1_64' title='bbox 432 1232 590 1301; x_wconf 89' lang='lat' dir='ltr'><strong>perculsum</strong></span> <span class='ocrx_word' id='word_1_65' title='bbox 607 1237 683 1288; x_wconf 89' lang='lat' dir='ltr'><strong>metu</strong></span> <span class='ocrx_word' id='word_1_66' title='bbox 702 1237 730 1288; x_wconf 90' lang='lat' dir='ltr'><strong>et</strong></span> <span class='ocrx_word' id='word_1_67' title='bbox 748 1232 926 1301; x_wconf 88' lang='lat' dir='ltr'><strong>desperatum</strong></span> <span class='ocrx_word' id='word_1_68' title='bbox 945 1233 1022 1301; x_wconf 86' lang='lat' dir='ltr'><strong>apud</strong></span> <span class='ocrx_word' id='word_1_69' title='bbox 1039 1240 1167 1289; x_wconf 87' lang='lat' dir='ltr'><strong>senatum</strong></span> <span class='ocrx_word' id='word_1_70' title='bbox 1191 1251 1323 1304; x_wconf 80' lang='lat' dir='ltr'><strong>rogasse,</strong></span> <span class='ocrx_word' id='word_1_71' title='bbox 1341 1239 1373 1290; x_wconf 89' lang='lat' dir='ltr'><strong>ut</strong></span> 
     </span>
     <span class='ocr_line' id='line_1_10' title="bbox 277 1319 1373 1390; baseline 0.001 -15"><span class='ocrx_word' id='word_1_72' title='bbox 277 1320 400 1390; x_wconf 86' lang='lat' dir='ltr'><strong>virgines</strong></span> <span class='ocrx_word' id='word_1_73' title='bbox 414 1321 542 1376; x_wconf 72' lang='lat' dir='ltr'><strong>Vestales</strong></span> <span class='ocrx_word' id='word_1_74' title='bbox 555 1320 698 1390; x_wconf 84' lang='lat' dir='ltr'><strong>ceterique</strong></span> <span class='ocrx_word' id='word_1_75' title='bbox 709 1320 872 1374; x_wconf 86' lang='lat' dir='ltr'><strong>sacerdotes</strong></span> <span class='ocrx_word' id='word_1_76' title='bbox 885 1319 1020 1374; x_wconf 86' lang='lat' dir='ltr'><strong>exercitui</strong></span> <span class='ocrx_word' id='word_1_77' title='bbox 1033 1320 1129 1376; x_wconf 83' lang='lat' dir='ltr'><strong>Severi</strong></span> <span class='ocrx_word' id='word_1_78' title='bbox 1146 1321 1258 1376; x_wconf 83' lang='lat' dir='ltr'><strong>obviam</strong></span> <span class='ocrx_word' id='word_1_79' title='bbox 1269 1322 1373 1389; x_wconf 60' lang='lat' dir='ltr'><strong>irenen</strong></span> 
     </span>
     <span class='ocr_line' id='line_1_11' title="bbox 275 1406 1371 1477; baseline 0.001 -15"><span class='ocrx_word' id='word_1_80' title='bbox 275 1423 348 1476; x_wconf 85' lang='lat' dir='ltr'><strong>quae</strong></span> <span class='ocrx_word' id='word_1_81' title='bbox 367 1406 479 1477; x_wconf 87' lang='lat' dir='ltr'><strong>quidem</strong></span> <span class='ocrx_word' id='word_1_82' title='bbox 497 1407 596 1475; x_wconf 88' lang='lat' dir='ltr'><strong>omnia,</strong></span> <span class='ocrx_word' id='word_1_83' title='bbox 616 1407 692 1477; x_wconf 88' lang='lat' dir='ltr'><strong>qued</strong></span> <span class='ocrx_word' id='word_1_84' title='bbox 709 1406 833 1462; x_wconf 83' lang='lat' dir='ltr'><strong>Mariana</strong></span> <span class='ocrx_word' id='word_1_85' title='bbox 850 1407 914 1474; x_wconf 89' lang='lat' dir='ltr'><strong>sint,</strong></span> <span class='ocrx_word' id='word_1_86' title='bbox 932 1406 1090 1475; x_wconf 85' lang='lat' dir='ltr'><strong>addubitat,</strong></span> <span class='ocrx_word' id='word_1_87' title='bbox 1103 1423 1137 1462; x_wconf 91' lang='lat' dir='ltr'><strong>co</strong></span> <span class='ocrx_word' id='word_1_88' title='bbox 1156 1412 1249 1474; x_wconf 79' lang='lat' dir='ltr'><strong>tamen</strong></span> <span class='ocrx_word' id='word_1_89' title='bbox 1266 1409 1371 1476; x_wconf 86' lang='lat' dir='ltr'><strong>ipsese</strong></span> 
     </span>
     <span class='ocr_line' id='line_1_12' title="bbox 276 1492 1372 1564; baseline -0.001 -16"><span class='ocrx_word' id='word_1_90' title='bbox 276 1492 409 1562; x_wconf 84' lang='lat' dir='ltr'><strong>refutans,</strong></span> <span class='ocrx_word' id='word_1_91' title='bbox 428 1495 505 1564; x_wconf 88' lang='lat' dir='ltr'><strong>quod</strong></span> <span class='ocrx_word' id='word_1_92' title='bbox 524 1509 565 1562; x_wconf 87' lang='lat' dir='ltr'><strong>ea,</strong></span> <span class='ocrx_word' id='word_1_93' title='bbox 585 1509 663 1563; x_wconf 50' lang='lat' dir='ltr'><strong>(suec¹</strong></span> <span class='ocrx_word' id='word_1_94' title='bbox 675 1495 712 1549; x_wconf 90' lang='lat' dir='ltr'><strong>ad</strong></span> <span class='ocrx_word' id='word_1_95' title='bbox 730 1493 850 1552; x_wconf 83' lang='lat' dir='ltr'><strong>Tullium</strong></span> <span class='ocrx_word' id='word_1_96' title='bbox 869 1493 1026 1562; x_wconf 77' lang='lat' dir='ltr'><strong>Crispinum</strong></span> <span class='ocrx_word' id='word_1_97' title='bbox 1044 1494 1191 1562; x_wconf 82' lang='lat' dir='ltr'><strong>pertinent,</strong></span> <span class='ocrx_word' id='word_1_98' title='bbox 1210 1494 1314 1562; x_wconf 88' lang='lat' dir='ltr'><strong>optime</strong></span> <span class='ocrx_word' id='word_1_99' title='bbox 1335 1495 1372 1548; x_wconf 89' lang='lat' dir='ltr'><strong>ad</strong></span> 
     </span>
     <span class='ocr_line' id='line_1_13' title="bbox 275 1579 1372 1650; baseline -0.001 -16"><span class='ocrx_word' id='word_1_100' title='bbox 275 1579 372 1636; x_wconf 88' lang='lat' dir='ltr'><strong>Dionis</strong></span> <span class='ocrx_word' id='word_1_101' title='bbox 391 1581 577 1636; x_wconf 80' lang='lat' dir='ltr'><strong>namationcm</strong></span> <span class='ocrx_word' id='word_1_102' title='bbox 596 1581 735 1650; x_wconf 83' lang='lat' dir='ltr'><strong>quadrare</strong></span> <span class='ocrx_word' id='word_1_103' title='bbox 754 1580 883 1636; x_wconf 85' lang='lat' dir='ltr'><strong>concedit</strong></span> <span class='ocrx_word' id='word_1_104' title='bbox 906 1586 936 1634; x_wconf 89' lang='lat' dir='ltr'><strong>et</strong></span> <span class='ocrx_word' id='word_1_105' title='bbox 958 1581 987 1634; x_wconf 89' lang='lat' dir='ltr'><strong>in</strong></span> <span class='ocrx_word' id='word_1_106' title='bbox 1004 1597 1085 1636; x_wconf 87' lang='lat' dir='ltr'><strong>usum</strong></span> <span class='ocrx_word' id='word_1_107' title='bbox 1108 1597 1190 1636; x_wconf 90' lang='lat' dir='ltr'><strong>suum</strong></span> <span class='ocrx_word' id='word_1_108' title='bbox 1208 1585 1372 1636; x_wconf 86' lang='lat' dir='ltr'><strong>convertere</strong></span> 
     </span>
     <span class='ocr_line' id='line_1_14' title="bbox 274 1666 1373 1738; baseline 0 -17"><span class='ocrx_word' id='word_1_109' title='bbox 274 1683 330 1722; x_wconf 89' lang='lat' dir='ltr'><strong>non</strong></span> <span class='ocrx_word' id='word_1_110' title='bbox 347 1667 467 1723; x_wconf 87' lang='lat' dir='ltr'><strong>dubitat.</strong></span> <span class='ocrx_word' id='word_1_111' title='bbox 489 1667 676 1722; x_wconf 84' lang='lat' dir='ltr'><strong>Adiciendum</strong></span> <span class='ocrx_word' id='word_1_112' title='bbox 694 1673 746 1735; x_wconf 85' lang='lat' dir='ltr'><strong>est,</strong></span> <span class='ocrx_word' id='word_1_113' title='bbox 765 1667 841 1738; x_wconf 87' lang='lat' dir='ltr'><strong>quod</strong></span> <span class='ocrx_word' id='word_1_114' title='bbox 859 1668 943 1722; x_wconf 84' lang='lat' dir='ltr'><strong>etiam</strong></span> <span class='ocrx_word' id='word_1_115' title='bbox 962 1666 1095 1722; x_wconf 85' lang='lat' dir='ltr'><strong>Severum</strong></span> <span class='ocrx_word' id='word_1_116' title='bbox 1115 1668 1204 1722; x_wconf 85' lang='lat' dir='ltr'><strong>classe</strong></span> <span class='ocrx_word' id='word_1_117' title='bbox 1221 1667 1373 1722; x_wconf 87' lang='lat' dir='ltr'><strong>Ravennae</strong></span> 
     </span>
     <span class='ocr_line' id='line_1_15' title="bbox 274 1753 1372 1824; baseline -0.002 -16"><span class='ocrx_word' id='word_1_118' title='bbox 274 1754 395 1822; x_wconf 79' lang='lat' dir='ltr'><strong>potitum</strong></span> <span class='ocrx_word' id='word_1_119' title='bbox 418 1770 480 1809; x_wconf 86' lang='lat' dir='ltr'><strong>ease</strong></span> <span class='ocrx_word' id='word_1_120' title='bbox 505 1755 581 1822; x_wconf 89' lang='lat' dir='ltr'><strong>apud</strong></span> <span class='ocrx_word' id='word_1_121' title='bbox 605 1754 784 1822; x_wconf 77' lang='lat' dir='ltr'><strong>spartianum</strong></span> <span class='ocrx_word' id='word_1_122' title='bbox 807 1755 897 1810; x_wconf 88' lang='lat' dir='ltr'><strong>solum</strong></span> <span class='ocrx_word' id='word_1_123' title='bbox 921 1753 1090 1822; x_wconf 83' lang='lat' dir='ltr'><strong>invenimus,</strong></span> <span class='ocrx_word' id='word_1_124' title='bbox 1114 1754 1144 1808; x_wconf 91' lang='lat' dir='ltr'><strong>id</strong></span> <span class='ocrx_word' id='word_1_125' title='bbox 1171 1754 1246 1824; x_wconf 90' lang='lat' dir='ltr'><strong>quod</strong></span> <span class='ocrx_word' id='word_1_126' title='bbox 1273 1754 1372 1808; x_wconf 88' lang='lat' dir='ltr'><strong>iterum</strong></span> 
     </span>
     <span class='ocr_line' id='line_1_16' title="bbox 275 1838 1372 1910; baseline -0.001 -17"><span class='ocrx_word' id='word_1_127' title='bbox 275 1839 433 1896; x_wconf 87' lang='lat' dir='ltr'><strong>Hocinerns</strong></span> <span class='ocrx_word' id='word_1_128' title='bbox 457 1841 582 1910; x_wconf 90' lang='lat' dir='ltr'><strong>recipcre</strong></span> <span class='ocrx_word' id='word_1_129' title='bbox 606 1857 661 1896; x_wconf 90' lang='lat' dir='ltr'><strong>non</strong></span> <span class='ocrx_word' id='word_1_130' title='bbox 685 1847 840 1897; x_wconf 88' lang='lat' dir='ltr'><strong>cunctatur.</strong></span> <span class='ocrx_word' id='word_1_131' title='bbox 877 1841 947 1898; x_wconf 79' lang='lat' dir='ltr'><strong>Cum</strong></span> <span class='ocrx_word' id='word_1_132' title='bbox 964 1842 1051 1910; x_wconf 89' lang='lat' dir='ltr'><strong>igitur</strong></span> <span class='ocrx_word' id='word_1_133' title='bbox 1069 1839 1225 1896; x_wconf 83' lang='lat' dir='ltr'><strong>Hcefnerrm</strong></span> <span class='ocrx_word' id='word_1_134' title='bbox 1244 1838 1372 1895; x_wconf 85' lang='lat' dir='ltr'><strong>concedit</strong></span> 
     </span>
     <span class='ocr_line' id='line_1_17' title="bbox 274 1925 1371 1998; baseline -0.003 -17"><span class='ocrx_word' id='word_1_135' title='bbox 274 1929 405 1982; x_wconf 82' lang='lat' dir='ltr'><strong>nonnulla</strong></span> <span class='ocrx_word' id='word_1_136' title='bbox 431 1944 466 1983; x_wconf 88' lang='lat' dir='ltr'><strong>ex</strong></span> <span class='ocrx_word' id='word_1_137' title='bbox 492 1929 581 1984; x_wconf 89' lang='lat' dir='ltr'><strong>Mario</strong></span> <span class='ocrx_word' id='word_1_138' title='bbox 608 1925 709 1984; x_wconf 85' lang='lat' dir='ltr'><strong>hausta</strong></span> <span class='ocrx_word' id='word_1_139' title='bbox 737 1945 813 1996; x_wconf 84' lang='lat' dir='ltr'><strong>esse,</strong></span> <span class='ocrx_word' id='word_1_140' title='bbox 840 1929 901 1998; x_wconf 89' lang='lat' dir='ltr'><strong>ipse</strong></span> <span class='ocrx_word' id='word_1_141' title='bbox 928 1929 1085 1997; x_wconf 88' lang='lat' dir='ltr'><strong>opinionem</strong></span> <span class='ocrx_word' id='word_1_142' title='bbox 1112 1944 1192 1983; x_wconf 89' lang='lat' dir='ltr'><strong>suam</strong></span> <span class='ocrx_word' id='word_1_143' title='bbox 1218 1925 1371 1994; x_wconf 82' lang='lat' dir='ltr'><strong>redarguit.</strong></span> 
     </span>
     <span class='ocr_line' id='line_1_18' title="bbox 276 2013 1372 2087; baseline -0.006 -15"><span class='ocrx_word' id='word_1_144' title='bbox 276 2015 343 2082; x_wconf 81' lang='lat' dir='ltr'><strong>Quis</strong></span> <span class='ocrx_word' id='word_1_145' title='bbox 363 2015 435 2071; x_wconf 87' lang='lat' dir='ltr'><strong>euim</strong></span> <span class='ocrx_word' id='word_1_146' title='bbox 453 2017 510 2086; x_wconf 86' lang='lat' dir='ltr'><strong>qui,</strong></span> <span class='ocrx_word' id='word_1_147' title='bbox 530 2031 613 2086; x_wconf 88' lang='lat' dir='ltr'><strong>quam</strong></span> <span class='ocrx_word' id='word_1_148' title='bbox 631 2016 669 2070; x_wconf 91' lang='lat' dir='ltr'><strong>illi</strong></span> <span class='ocrx_word' id='word_1_149' title='bbox 694 2015 847 2084; x_wconf 78' lang='lat' dir='ltr'><strong>scriptores</strong></span> <span class='ocrx_word' id='word_1_150' title='bbox 871 2016 1045 2070; x_wconf 85' lang='lat' dir='ltr'><strong>diversorum</strong></span> <span class='ocrx_word' id='word_1_151' title='bbox 1056 2014 1181 2087; x_wconf 54' lang='lat' dir='ltr'><strong>,fontium</strong></span> <span class='ocrx_word' id='word_1_152' title='bbox 1199 2013 1372 2068; x_wconf 87' lang='lat' dir='ltr'><strong>narrationes</strong></span> 
     </span>
     <span class='ocr_line' id='line_1_19' title="bbox 275 2099 1371 2172; baseline -0.004 -16"><span class='ocrx_word' id='word_1_153' title='bbox 275 2103 438 2158; x_wconf 81' lang='lat' dir='ltr'><strong>consociere</strong></span> <span class='ocrx_word' id='word_1_154' title='bbox 455 2118 510 2157; x_wconf 87' lang='lat' dir='ltr'><strong>uon</strong></span> <span class='ocrx_word' id='word_1_155' title='bbox 527 2102 678 2172; x_wconf 83' lang='lat' dir='ltr'><strong>potuerint,</strong></span> <span class='ocrx_word' id='word_1_156' title='bbox 698 2103 838 2171; x_wconf 82' lang='lat' dir='ltr'><strong>cognovit,</strong></span> <span class='ocrx_word' id='word_1_157' title='bbox 857 2107 951 2171; x_wconf 89' lang='lat' dir='ltr'><strong>aptam</strong></span> <span class='ocrx_word' id='word_1_158' title='bbox 970 2101 1044 2156; x_wconf 89' lang='lat' dir='ltr'><strong>illam</strong></span> <span class='ocrx_word' id='word_1_159' title='bbox 1062 2101 1248 2156; x_wconf 72' lang='lat' dir='ltr'><strong>secretionem</strong></span> <span class='ocrx_word' id='word_1_160' title='bbox 1265 2100 1295 2154; x_wconf 91' lang='lat' dir='ltr'><strong>iu</strong></span> <span class='ocrx_word' id='word_1_161' title='bbox 1312 2099 1371 2154; x_wconf 79' lang='lat' dir='ltr'><strong>vita</strong></span> 
     </span>
     <span class='ocr_line' id='line_1_20' title="bbox 275 2186 1370 2258; baseline -0.004 -16"><span class='ocrx_word' id='word_1_162' title='bbox 275 2189 351 2244; x_wconf 89' lang='lat' dir='ltr'><strong>Didii</strong></span> <span class='ocrx_word' id='word_1_163' title='bbox 369 2189 468 2244; x_wconf 89' lang='lat' dir='ltr'><strong>Iuliani</strong></span> <span class='ocrx_word' id='word_1_164' title='bbox 481 2189 658 2258; x_wconf 68' lang='lat' dir='ltr'><strong>Scantianum</strong></span> <span class='ocrx_word' id='word_1_165' title='bbox 677 2205 712 2244; x_wconf 85' lang='lat' dir='ltr'><strong>ex</strong></span> <span class='ocrx_word' id='word_1_166' title='bbox 730 2195 811 2257; x_wconf 83' lang='lat' dir='ltr'><strong>parte</strong></span> <span class='ocrx_word' id='word_1_167' title='bbox 828 2189 965 2257; x_wconf 80' lang='lat' dir='ltr'><strong>aOassic,</strong></span> <span class='ocrx_word' id='word_1_168' title='bbox 984 2205 1019 2243; x_wconf 86' lang='lat' dir='ltr'><strong>ex</strong></span> <span class='ocrx_word' id='word_1_169' title='bbox 1031 2194 1111 2256; x_wconf 86' lang='lat' dir='ltr'><strong>parte</strong></span> <span class='ocrx_word' id='word_1_170' title='bbox 1129 2186 1246 2241; x_wconf 77' lang='lat' dir='ltr'><strong>allatio</strong></span> <span class='ocrx_word' id='word_1_171' title='bbox 1264 2191 1370 2240; x_wconf 87' lang='lat' dir='ltr'><strong>mutua-</strong></span> 
     </span>
     <span class='ocr_line' id='line_1_21' title="bbox 273 2273 1371 2347; baseline -0.005 -17"><span class='ocrx_word' id='word_1_172' title='bbox 273 2281 333 2330; x_wconf 88' lang='lat' dir='ltr'><strong>tum</strong></span> <span class='ocrx_word' id='word_1_173' title='bbox 352 2291 414 2330; x_wconf 85' lang='lat' dir='ltr'><strong>esse</strong></span> <span class='ocrx_word' id='word_1_174' title='bbox 433 2277 549 2331; x_wconf 83' lang='lat' dir='ltr'><strong>credet?</strong></span> <span class='ocrx_word' id='word_1_175' title='bbox 585 2276 679 2344; x_wconf 88' lang='lat' dir='ltr'><strong>Adde,</strong></span> <span class='ocrx_word' id='word_1_176' title='bbox 699 2277 773 2347; x_wconf 89' lang='lat' dir='ltr'><strong>quod</strong></span> <span class='ocrx_word' id='word_1_177' title='bbox 792 2277 876 2332; x_wconf 89' lang='lat' dir='ltr'><strong>etiam</strong></span> <span class='ocrx_word' id='word_1_178' title='bbox 894 2277 922 2331; x_wconf 92' lang='lat' dir='ltr'><strong>in</strong></span> <span class='ocrx_word' id='word_1_179' title='bbox 946 2276 1002 2344; x_wconf 86' lang='lat' dir='ltr'><strong>eis,</strong></span> <span class='ocrx_word' id='word_1_180' title='bbox 1021 2289 1092 2345; x_wconf 87' lang='lat' dir='ltr'><strong>quae</strong></span> <span class='ocrx_word' id='word_1_181' title='bbox 1113 2280 1143 2330; x_wconf 88' lang='lat' dir='ltr'><strong>et</strong></span> <span class='ocrx_word' id='word_1_182' title='bbox 1159 2273 1323 2343; x_wconf 73' lang='lat' dir='ltr'><strong>Spartianus</strong></span> <span class='ocrx_word' id='word_1_183' title='bbox 1342 2277 1371 2326; x_wconf 91' lang='lat' dir='ltr'><strong>et</strong></span> 
     </span>
     <span class='ocr_line' id='line_1_22' title="bbox 274 2359 1371 2434; baseline -0.004 -18"><span class='ocrx_word' id='word_1_184' title='bbox 274 2363 329 2417; x_wconf 92' lang='lat' dir='ltr'><strong>Dio</strong></span> <span class='ocrx_word' id='word_1_185' title='bbox 353 2369 481 2432; x_wconf 88' lang='lat' dir='ltr'><strong>narrant,</strong></span> <span class='ocrx_word' id='word_1_186' title='bbox 500 2379 555 2418; x_wconf 86' lang='lat' dir='ltr'><strong>nou</strong></span> <span class='ocrx_word' id='word_1_187' title='bbox 578 2365 662 2432; x_wconf 88' lang='lat' dir='ltr'><strong>plane</strong></span> <span class='ocrx_word' id='word_1_188' title='bbox 680 2370 852 2434; x_wconf 82' lang='lat' dir='ltr'><strong>congruunt,</strong></span> <span class='ocrx_word' id='word_1_189' title='bbox 871 2365 958 2432; x_wconf 88' lang='lat' dir='ltr'><strong>sicut,</strong></span> <span class='ocrx_word' id='word_1_190' title='bbox 978 2379 1040 2419; x_wconf 92' lang='lat' dir='ltr'><strong>cum</strong></span> <span class='ocrx_word' id='word_1_191' title='bbox 1057 2363 1112 2416; x_wconf 90' lang='lat' dir='ltr'><strong>Dio</strong></span> <span class='ocrx_word' id='word_1_192' title='bbox 1136 2361 1212 2416; x_wconf 85' lang='lat' dir='ltr'><strong>dicat</strong></span> <span class='ocrx_word' id='word_1_193' title='bbox 1230 2375 1247 2414; x_wconf 90' lang='lat' dir='ltr'><strong>a</strong></span> <span class='ocrx_word' id='word_1_194' title='bbox 1264 2359 1371 2414; x_wconf 90' lang='lat' dir='ltr'><strong>Iuliano</strong></span> 
     </span>
     <span class='ocr_line' id='line_1_23' title="bbox 275 2448 1372 2520; baseline -0.005 -16"><span class='ocrx_word' id='word_1_195' title='bbox 275 2449 338 2505; x_wconf 91' lang='lat' dir='ltr'><strong>illos</strong></span> <span class='ocrx_word' id='word_1_196' title='bbox 365 2451 475 2519; x_wconf 85' lang='lat' dir='ltr'><strong>legatos</strong></span> <span class='ocrx_word' id='word_1_197' title='bbox 503 2451 539 2505; x_wconf 88' lang='lat' dir='ltr'><strong>ad</strong></span> <span class='ocrx_word' id='word_1_198' title='bbox 564 2449 698 2506; x_wconf 81' lang='lat' dir='ltr'><strong>Severum</strong></span> <span class='ocrx_word' id='word_1_199' title='bbox 724 2452 824 2507; x_wconf 83' lang='lat' dir='ltr'><strong>missos</strong></span> <span class='ocrx_word' id='word_1_200' title='bbox 852 2467 933 2520; x_wconf 88' lang='lat' dir='ltr'><strong>esse,</strong></span> <span class='ocrx_word' id='word_1_201' title='bbox 960 2450 1118 2506; x_wconf 86' lang='lat' dir='ltr'><strong>accuratius</strong></span> <span class='ocrx_word' id='word_1_202' title='bbox 1145 2448 1310 2517; x_wconf 80' lang='lat' dir='ltr'><strong>Spartianus</strong></span> <span class='ocrx_word' id='word_1_203' title='bbox 1335 2461 1372 2500; x_wconf 82' lang='lat' dir='ltr'><strong>ex</strong></span> 
     </span>
     <span class='ocr_line' id='line_1_24' title="bbox 274 2531 1372 2606; baseline -0.006 -14"><span class='ocrx_word' id='word_1_204' title='bbox 274 2544 388 2593; x_wconf 85' lang='lat' dir='ltr'><strong>senatus</strong></span> <span class='ocrx_word' id='word_1_205' title='bbox 416 2539 544 2593; x_wconf 88' lang='lat' dir='ltr'><strong>consulto</strong></span> <span class='ocrx_word' id='word_1_206' title='bbox 571 2537 601 2593; x_wconf 94' lang='lat' dir='ltr'><strong>id</strong></span> <span class='ocrx_word' id='word_1_207' title='bbox 627 2537 732 2594; x_wconf 81' lang='lat' dir='ltr'><strong>sactum</strong></span> <span class='ocrx_word' id='word_1_208' title='bbox 760 2555 823 2595; x_wconf 91' lang='lat' dir='ltr'><strong>esse</strong></span> <span class='ocrx_word' id='word_1_209' title='bbox 850 2538 1018 2606; x_wconf 66' lang='lat' dir='ltr'><strong>testaturl),</strong></span> <span class='ocrx_word' id='word_1_210' title='bbox 1044 2536 1196 2606; x_wconf 88' lang='lat' dir='ltr'><strong>praecipue</strong></span> <span class='ocrx_word' id='word_1_211' title='bbox 1224 2539 1317 2588; x_wconf 88' lang='lat' dir='ltr'><strong>autem</strong></span> <span class='ocrx_word' id='word_1_212' title='bbox 1343 2531 1372 2585; x_wconf 90' lang='lat' dir='ltr'><strong>iu</strong></span> 
     </span>
     <span class='ocr_line' id='line_1_25' title="bbox 274 2621 1372 2697; baseline -0.006 -18"><span class='ocrx_word' id='word_1_213' title='bbox 274 2623 412 2679; x_wconf 86' lang='lat' dir='ltr'><strong>ominibus</strong></span> <span class='ocrx_word' id='word_1_214' title='bbox 436 2624 490 2680; x_wconf 89' lang='lat' dir='ltr'><strong>illis</strong></span> <span class='ocrx_word' id='word_1_215' title='bbox 515 2625 661 2680; x_wconf 80' lang='lat' dir='ltr'><strong>narrandis</strong></span> <span class='ocrx_word' id='word_1_216' title='bbox 685 2625 856 2697; x_wconf 88' lang='lat' dir='ltr'><strong>aliquantum</strong></span> <span class='ocrx_word' id='word_1_217' title='bbox 880 2626 951 2681; x_wconf 85' lang='lat' dir='ltr'><strong>inter</strong></span> <span class='ocrx_word' id='word_1_218' title='bbox 975 2641 1006 2680; x_wconf 92' lang='lat' dir='ltr'><strong>se</strong></span> <span class='ocrx_word' id='word_1_219' title='bbox 1023 2625 1192 2692; x_wconf 86' lang='lat' dir='ltr'><strong>discrepant.</strong></span> <span class='ocrx_word' id='word_1_220' title='bbox 1228 2621 1372 2686; x_wconf 80' lang='lat' dir='ltr'><strong>Quaeres</strong></span> 
     </span>
     <span class='ocr_line' id='line_1_26' title="bbox 274 2705 1370 2782; baseline -0.005 -17"><span class='ocrx_word' id='word_1_221' title='bbox 274 2711 400 2782; x_wconf 84' lang='lat' dir='ltr'><strong>quemvis</strong></span> <span class='ocrx_word' id='word_1_222' title='bbox 425 2711 482 2766; x_wconf 87' lang='lat' dir='ltr'><strong>sint</strong></span> <span class='ocrx_word' id='word_1_223' title='bbox 504 2713 675 2781; x_wconf 75' lang='lat' dir='ltr'><strong>levidenses,</strong></span> <span class='ocrx_word' id='word_1_224' title='bbox 699 2719 792 2768; x_wconf 69' lang='lat' dir='ltr'><strong>mures</strong></span> <span class='ocrx_word' id='word_1_225' title='bbox 816 2713 917 2782; x_wconf 90' lang='lat' dir='ltr'><strong>pusilla</strong></span> <span class='ocrx_word' id='word_1_226' title='bbox 940 2710 1136 2768; x_wconf 83' lang='lat' dir='ltr'><strong>discordantia</strong></span> <span class='ocrx_word' id='word_1_227' title='bbox 1158 2710 1187 2763; x_wconf 90' lang='lat' dir='ltr'><strong>in</strong></span> <span class='ocrx_word' id='word_1_228' title='bbox 1211 2707 1270 2762; x_wconf 89' lang='lat' dir='ltr'><strong>eius</strong></span> <span class='ocrx_word' id='word_1_229' title='bbox 1294 2705 1370 2761; x_wconf 88' lang='lat' dir='ltr'><strong>modi</strong></span> 
     </span>
     <span class='ocr_line' id='line_1_27' title="bbox 274 2797 1117 2870; baseline 0.001 -19"><span class='ocrx_word' id='word_1_230' title='bbox 274 2797 483 2867; x_wconf 86' lang='lat' dir='ltr'><strong>quaestionibus</strong></span> <span class='ocrx_word' id='word_1_231' title='bbox 501 2799 565 2868; x_wconf 89' lang='lat' dir='ltr'><strong>plus</strong></span> <span class='ocrx_word' id='word_1_232' title='bbox 584 2801 661 2854; x_wconf 87' lang='lat' dir='ltr'><strong>valet</strong></span> <span class='ocrx_word' id='word_1_233' title='bbox 679 2817 762 2870; x_wconf 91' lang='lat' dir='ltr'><strong>quam</strong></span> <span class='ocrx_word' id='word_1_234' title='bbox 780 2801 927 2856; x_wconf 88' lang='lat' dir='ltr'><strong>consensio</strong></span> <span class='ocrx_word' id='word_1_235' title='bbox 946 2797 1117 2869; x_wconf 80' lang='lat' dir='ltr'><strong>generalis⁴).</strong></span> 
     </span>
    </p>

    <p class='ocr_par' dir='ltr' id='par_1_3' title="bbox 271 2880 1370 3304">
     <span class='ocr_line' id='line_1_28' title="bbox 341 2880 1368 2956; baseline -0.006 -17"><span class='ocrx_word' id='word_1_236' title='bbox 341 2885 379 2940; x_wconf 89' lang='lat' dir='ltr'><strong>Ut</strong></span> <span class='ocrx_word' id='word_1_237' title='bbox 403 2889 496 2940; x_wconf 90' lang='lat' dir='ltr'><strong>autem</strong></span> <span class='ocrx_word' id='word_1_238' title='bbox 520 2887 556 2941; x_wconf 91' lang='lat' dir='ltr'><strong>de</strong></span> <span class='ocrx_word' id='word_1_239' title='bbox 579 2886 670 2942; x_wconf 89' lang='lat' dir='ltr'><strong>Dione</strong></span> <span class='ocrx_word' id='word_1_240' title='bbox 695 2887 836 2956; x_wconf 84' lang='lat' dir='ltr'><strong>Spartiani</strong></span> <span class='ocrx_word' id='word_1_241' title='bbox 860 2889 936 2944; x_wconf 84' lang='lat' dir='ltr'><strong>fonte</strong></span> <span class='ocrx_word' id='word_1_242' title='bbox 961 2886 1080 2956; x_wconf 84' lang='lat' dir='ltr'><strong>cogitari</strong></span> <span class='ocrx_word' id='word_1_243' title='bbox 1099 2881 1203 2953; x_wconf 86' lang='lat' dir='ltr'><strong>nequit,</strong></span> <span class='ocrx_word' id='word_1_244' title='bbox 1224 2881 1264 2936; x_wconf 90' lang='lat' dir='ltr'><strong>ita</strong></span> <span class='ocrx_word' id='word_1_245' title='bbox 1281 2880 1368 2934; x_wconf 90' lang='lat' dir='ltr'><strong>multo</strong></span> 
     </span>
     <span class='ocr_line' id='line_1_29' title="bbox 273 2967 1370 3044; baseline -0.006 -18"><span class='ocrx_word' id='word_1_246' title='bbox 273 2972 356 3026; x_wconf 82' lang='lat' dir='ltr'><strong>etiam</strong></span> <span class='ocrx_word' id='word_1_247' title='bbox 375 2973 435 3027; x_wconf 88' lang='lat' dir='ltr'><strong>veri</strong></span> <span class='ocrx_word' id='word_1_248' title='bbox 453 2978 498 3028; x_wconf 89' lang='lat' dir='ltr'><strong>est</strong></span> <span class='ocrx_word' id='word_1_249' title='bbox 516 2971 676 3029; x_wconf 87' lang='lat' dir='ltr'><strong>dissimilius</strong></span> <span class='ocrx_word' id='word_1_250' title='bbox 694 2974 742 3030; x_wconf 89' lang='lat' dir='ltr'><strong>illa</strong></span> <span class='ocrx_word' id='word_1_251' title='bbox 762 2974 970 3044; x_wconf 85' lang='lat' dir='ltr'><strong>„excipiebatur</strong></span> <span class='ocrx_word' id='word_1_252' title='bbox 988 3014 994 3029; x_wconf 91' lang='lat'><strong>.</strong></span> <span class='ocrx_word' id='word_1_253' title='bbox 1015 3013 1021 3028; x_wconf 94' lang='lat'><strong>.</strong></span> <span class='ocrx_word' id='word_1_254' title='bbox 1041 3013 1047 3027; x_wconf 91' lang='lat'><strong>.</strong></span> <span class='ocrx_word' id='word_1_255' title='bbox 1067 3013 1073 3026; x_wconf 92' lang='lat'><strong>.</strong></span> <span class='ocrx_word' id='word_1_256' title='bbox 1093 2970 1173 3040; x_wconf 86' lang='lat' dir='ltr'><strong>quasi</strong></span> <span class='ocrx_word' id='word_1_257' title='bbox 1191 2971 1265 3022; x_wconf 85' lang='lat' dir='ltr'><strong>ultor</strong></span> <span class='ocrx_word' id='word_1_258' title='bbox 1282 2967 1370 3021; x_wconf 85' lang='lat' dir='ltr'><strong>Perti·</strong></span> 
     </span>
     <span class='ocr_line' id='line_1_30' title="bbox 271 3053 1368 3130; baseline -0.006 -18"><span class='ocrx_word' id='word_1_259' title='bbox 271 3055 364 3113; x_wconf 82' lang='lat' dir='ltr'><strong>nacis“</strong></span> <span class='ocrx_word' id='word_1_260' title='bbox 384 3057 429 3127; x_wconf 91' lang='lat' dir='ltr'><strong>(V,</strong></span> <span class='ocrx_word' id='word_1_261' title='bbox 447 3059 475 3126; x_wconf 84' lang='lat'><strong>4)</strong></span> <span class='ocrx_word' id='word_1_262' title='bbox 493 3060 644 3116; x_wconf 88' lang='lat' dir='ltr'><strong>Herodiani</strong></span> <span class='ocrx_word' id='word_1_263' title='bbox 669 3077 744 3130; x_wconf 89' lang='lat' dir='ltr'><strong>esse,</strong></span> <span class='ocrx_word' id='word_1_264' title='bbox 764 3078 827 3116; x_wconf 91' lang='lat' dir='ltr'><strong>cum</strong></span> <span class='ocrx_word' id='word_1_265' title='bbox 850 3078 905 3116; x_wconf 90' lang='lat' dir='ltr'><strong>non</strong></span> <span class='ocrx_word' id='word_1_266' title='bbox 929 3060 1012 3115; x_wconf 90' lang='lat' dir='ltr'><strong>modo</strong></span> <span class='ocrx_word' id='word_1_267' title='bbox 1036 3074 1091 3113; x_wconf 87' lang='lat' dir='ltr'><strong>non</strong></span> <span class='ocrx_word' id='word_1_268' title='bbox 1114 3057 1165 3122; x_wconf 85' lang='lat' dir='ltr'><strong>sit,</strong></span> <span class='ocrx_word' id='word_1_269' title='bbox 1184 3071 1233 3109; x_wconf 88' lang='lat' dir='ltr'><strong>cur</strong></span> <span class='ocrx_word' id='word_1_270' title='bbox 1257 3053 1368 3107; x_wconf 91' lang='lat' dir='ltr'><strong>idcma</strong></span> 
     </span>
     <span class='ocr_line' id='line_1_31' title="bbox 271 3138 1368 3218; baseline -0.007 -19"><span class='ocrx_word' id='word_1_271' title='bbox 271 3146 359 3201; x_wconf 71' lang='lat' dir='ltr'><strong>Mario</strong></span> <span class='ocrx_word' id='word_1_272' title='bbox 377 3147 650 3203; x_wconf 81' lang='lat' dir='ltr'><strong>Maximetraditum</strong></span> <span class='ocrx_word' id='word_1_273' title='bbox 669 3165 731 3204; x_wconf 85' lang='lat' dir='ltr'><strong>esse</strong></span> <span class='ocrx_word' id='word_1_274' title='bbox 750 3165 899 3218; x_wconf 83' lang='lat' dir='ltr'><strong>negemus,</strong></span> <span class='ocrx_word' id='word_1_275' title='bbox 917 3149 968 3205; x_wconf 89' lang='lat' dir='ltr'><strong>sed</strong></span> <span class='ocrx_word' id='word_1_276' title='bbox 991 3147 1074 3203; x_wconf 86' lang='lat' dir='ltr'><strong>etiam</strong></span> <span class='ocrx_word' id='word_1_277' title='bbox 1091 3143 1167 3198; x_wconf 87' lang='lat' dir='ltr'><strong>hand</strong></span> <span class='ocrx_word' id='word_1_278' title='bbox 1185 3138 1368 3210; x_wconf 84' lang='lat' dir='ltr'><strong>probabiliter</strong></span> 
     </span>
     <span class='ocr_line' id='line_1_32' title="bbox 271 3229 1367 3304; baseline -0.007 -17"><span class='ocrx_word' id='word_1_279' title='bbox 271 3233 334 3302; x_wconf 87' lang='lat' dir='ltr'><strong>quis</strong></span> <span class='ocrx_word' id='word_1_280' title='bbox 359 3234 532 3290; x_wconf 89' lang='lat' dir='ltr'><strong>contenderit</strong></span> <span class='ocrx_word' id='word_1_281' title='bbox 556 3233 742 3304; x_wconf 84' lang='lat' dir='ltr'><strong>Spartianum,</strong></span> <span class='ocrx_word' id='word_1_282' title='bbox 766 3241 798 3290; x_wconf 83' lang='lat' dir='ltr'><strong>ut</strong></span> <span class='ocrx_word' id='word_1_283' title='bbox 821 3251 913 3304; x_wconf 85' lang='lat' dir='ltr'><strong>pauca</strong></span> <span class='ocrx_word' id='word_1_284' title='bbox 936 3236 985 3289; x_wconf 88' lang='lat' dir='ltr'><strong>illa</strong></span> <span class='ocrx_word' id='word_1_285' title='bbox 1005 3233 1093 3290; x_wconf 88' lang='lat' dir='ltr'><strong>verba</strong></span> <span class='ocrx_word' id='word_1_286' title='bbox 1116 3229 1239 3286; x_wconf 83' lang='lat' dir='ltr'><strong>scribere</strong></span> <span class='ocrx_word' id='word_1_287' title='bbox 1262 3231 1367 3296; x_wconf 88' lang='lat' dir='ltr'><strong>posset,</strong></span> 
     </span>
    </p>
   </div>
   <div class='ocr_carea' id='block_1_2' title="bbox 339 3384 1366 4352">
    <p class='ocr_par' dir='ltr' id='par_1_4' title="bbox 375 3384 1366 3584">
     <span class='ocr_line' id='line_1_33' title="bbox 375 3384 1366 3445; baseline -0.003 -13"><span class='ocrx_word' id='word_1_288' title='bbox 375 3393 459 3445; x_wconf 70' lang='lat' dir='ltr'><strong>masos,</strong></span> <span class='ocrx_word' id='word_1_289' title='bbox 473 3397 498 3432; x_wconf 81' lang='lat' dir='ltr'><strong>ut</strong></span> <span class='ocrx_word' id='word_1_290' title='bbox 511 3393 602 3432; x_wconf 86' lang='lat' dir='ltr'><strong>classem</strong></span> <span class='ocrx_word' id='word_1_291' title='bbox 615 3393 751 3445; x_wconf 81' lang='lat' dir='ltr'><strong>produceret,</strong></span> <span class='ocrx_word' id='word_1_292' title='bbox 768 3394 869 3442; x_wconf 85' lang='lat' dir='ltr'><strong>repulsus</strong></span> <span class='ocrx_word' id='word_1_293' title='bbox 883 3391 1051 3434; x_wconf 70' lang='lat' dir='ltr'><strong>summumne.</strong></span> <span class='ocrx_word' id='word_1_294' title='bbox 1066 3389 1108 3442; x_wconf 85' lang='lat'><strong>111,</strong></span> <span class='ocrx_word' id='word_1_295' title='bbox 1123 3391 1141 3439; x_wconf 90' lang='lat'><strong>1,</strong></span> <span class='ocrx_word' id='word_1_296' title='bbox 1162 3387 1224 3426; x_wconf 75' lang='lat' dir='ltr'><strong>&#39;lunc</strong></span> <span class='ocrx_word' id='word_1_297' title='bbox 1237 3384 1366 3426; x_wconf 81' lang='lat' dir='ltr'><strong>Julianus...</strong></span> 
     </span>
     <span class='ocr_line' id='line_1_34' title="bbox 376 3452 1366 3514; baseline -0.009 -12"><span class='ocrx_word' id='word_1_298' title='bbox 376 3463 472 3502; x_wconf 85' lang='lat' dir='ltr'><strong>Tullium</strong></span> <span class='ocrx_word' id='word_1_299' title='bbox 494 3462 619 3514; x_wconf 76' lang='lat' dir='ltr'><strong>Crispinum</strong></span> <span class='ocrx_word' id='word_1_300' title='bbox 639 3461 748 3512; x_wconf 80' lang='lat' dir='ltr'><strong>suffragiis</strong></span> <span class='ocrx_word' id='word_1_301' title='bbox 768 3462 956 3512; x_wconf 81' lang='lat' dir='ltr'><strong>praetorianorum</strong></span> <span class='ocrx_word' id='word_1_302' title='bbox 976 3461 1041 3511; x_wconf 81' lang='lat' dir='ltr'><strong>preci</strong></span> <span class='ocrx_word' id='word_1_303' title='bbox 1059 3462 1129 3510; x_wconf 84' lang='lat' dir='ltr'><strong>praet.</strong></span> <span class='ocrx_word' id='word_1_304' title='bbox 1143 3457 1209 3506; x_wconf 81' lang='lat' dir='ltr'><strong>iecit;</strong></span> <span class='ocrx_word' id='word_1_305' title='bbox 1230 3465 1294 3505; x_wconf 89' lang='lat' dir='ltr'><strong>porro</strong></span> <span class='ocrx_word' id='word_1_306' title='bbox 1314 3452 1366 3494; x_wconf 88' lang='lat' dir='ltr'><strong>ibid.</strong></span> 
     </span>
     <span class='ocr_line' id='line_1_35' title="bbox 376 3531 606 3584; baseline 0.004 -12"><span class='ocrx_word' id='word_1_307' title='bbox 376 3531 426 3582; x_wconf 89' lang='lat' dir='ltr'><strong>VII,</strong></span> <span class='ocrx_word' id='word_1_308' title='bbox 440 3532 460 3584; x_wconf 80' lang='lat'><strong>5,</strong></span> <span class='ocrx_word' id='word_1_309' title='bbox 474 3533 497 3583; x_wconf 68' lang='grc' dir='ltr'><strong>ὃς</strong></span> <span class='ocrx_word' id='word_1_310' title='bbox 512 3533 574 3584; x_wconf 84' lang='lat' dir='ltr'><strong>vm,</strong></span> <span class='ocrx_word' id='word_1_311' title='bbox 589 3535 606 3573; x_wconf 87' lang='lat'><strong>1.</strong></span> 
     </span>
    </p>

    <p class='ocr_par' dir='ltr' id='par_1_5' title="bbox 343 3595 1366 4008">
     <span class='ocr_line' id='line_1_36' title="bbox 343 3595 1364 3652; baseline -0.009 -11"><span class='ocrx_word' id='word_1_312' title='bbox 343 3599 360 3652; x_wconf 87' lang='lat'><strong>¹)</strong></span> <span class='ocrx_word' id='word_1_313' title='bbox 374 3611 395 3650; x_wconf 92' lang='lat' dir='ltr'><strong>p.</strong></span> <span class='ocrx_word' id='word_1_314' title='bbox 410 3601 436 3641; x_wconf 84' lang='grc'><strong>99</strong></span> <span class='ocrx_word' id='word_1_315' title='bbox 449 3612 536 3651; x_wconf 82' lang='lat' dir='ltr'><strong>„eusser</strong></span> <span class='ocrx_word' id='word_1_316' title='bbox 549 3601 635 3642; x_wconf 80' lang='lat' dir='ltr'><strong>Oasslns</strong></span> <span class='ocrx_word' id='word_1_317' title='bbox 648 3602 691 3642; x_wconf 88' lang='lat' dir='ltr'><strong>Dio</strong></span> <span class='ocrx_word' id='word_1_318' title='bbox 710 3603 749 3642; x_wconf 85' lang='lat' dir='ltr'><strong>hat</strong></span> <span class='ocrx_word' id='word_1_319' title='bbox 767 3601 816 3640; x_wconf 88' lang='lat' dir='ltr'><strong>dem</strong></span> <span class='ocrx_word' id='word_1_320' title='bbox 829 3599 933 3651; x_wconf 63' lang='lat' dir='ltr'><strong>§pamma</strong></span> <span class='ocrx_word' id='word_1_321' title='bbox 951 3601 1008 3640; x_wconf 85' lang='lat' dir='ltr'><strong>noch</strong></span> <span class='ocrx_word' id='word_1_322' title='bbox 1028 3600 1078 3639; x_wconf 87' lang='lat' dir='ltr'><strong>elne</strong></span> <span class='ocrx_word' id='word_1_323' title='bbox 1098 3597 1179 3638; x_wconf 84' lang='lat' dir='ltr'><strong>andare</strong></span> <span class='ocrx_word' id='word_1_324' title='bbox 1192 3595 1268 3644; x_wconf 77' lang='lat' dir='ltr'><strong>anlle</strong></span> <span class='ocrx_word' id='word_1_325' title='bbox 1288 3601 1364 3641; x_wconf 77' lang='lat' dir='ltr'><strong>vorge-</strong></span> 
     </span>
     <span class='ocr_line' id='line_1_37' title="bbox 375 3662 1366 3722; baseline -0.005 -13"><span class='ocrx_word' id='word_1_326' title='bbox 375 3669 453 3719; x_wconf 73' lang='lat' dir='ltr'><strong>lsgen¹⁴</strong></span> <span class='ocrx_word' id='word_1_327' title='bbox 466 3675 488 3710; x_wconf 80' lang='lat' dir='ltr'><strong>ei</strong></span> <span class='ocrx_word' id='word_1_328' title='bbox 500 3681 522 3721; x_wconf 84' lang='lat' dir='ltr'><strong>p.</strong></span> <span class='ocrx_word' id='word_1_329' title='bbox 532 3673 557 3712; x_wconf 82' lang='grc'><strong>95</strong></span> <span class='ocrx_word' id='word_1_330' title='bbox 571 3681 608 3722; x_wconf 87' lang='lat' dir='ltr'><strong>„es</strong></span> <span class='ocrx_word' id='word_1_331' title='bbox 621 3673 660 3713; x_wconf 80' lang='lat' dir='ltr'><strong>bat</strong></span> <span class='ocrx_word' id='word_1_332' title='bbox 673 3672 722 3712; x_wconf 88' lang='lat' dir='ltr'><strong>dem</strong></span> <span class='ocrx_word' id='word_1_333' title='bbox 732 3671 834 3722; x_wconf 69' lang='lat' dir='ltr'><strong>Spartica</strong></span> <span class='ocrx_word' id='word_1_334' title='bbox 848 3671 923 3710; x_wconf 76' lang='lat' dir='ltr'><strong>hleidr</strong></span> <span class='ocrx_word' id='word_1_335' title='bbox 938 3671 974 3710; x_wconf 86' lang='lat' dir='ltr'><strong>ein</strong></span> <span class='ocrx_word' id='word_1_336' title='bbox 987 3669 1160 3712; x_wconf 71' lang='lat' dir='ltr'><strong>Gewdbrsmann</strong></span> <span class='ocrx_word' id='word_1_337' title='bbox 1173 3666 1313 3714; x_wconf 78' lang='lat' dir='ltr'><strong>vergelegen,</strong></span> <span class='ocrx_word' id='word_1_338' title='bbox 1328 3662 1366 3701; x_wconf 77' lang='lat' dir='ltr'><strong>der</strong></span> 
     </span>
     <span class='ocr_line' id='line_1_38' title="bbox 378 3727 1365 3792; baseline -0.012 -12"><span class='ocrx_word' id='word_1_339' title='bbox 378 3739 421 3780; x_wconf 82' lang='lat' dir='ltr'><strong>den</strong></span> <span class='ocrx_word' id='word_1_340' title='bbox 434 3741 576 3792; x_wconf 77' lang='lat' dir='ltr'><strong>Erelgnlssan</strong></span> <span class='ocrx_word' id='word_1_341' title='bbox 595 3741 659 3790; x_wconf 77' lang='lat' dir='ltr'><strong>jener</strong></span> <span class='ocrx_word' id='word_1_342' title='bbox 673 3742 721 3782; x_wconf 75' lang='lat' dir='ltr'><strong>zeli</strong></span> <span class='ocrx_word' id='word_1_343' title='bbox 741 3742 797 3782; x_wconf 86' lang='lat' dir='ltr'><strong>naha</strong></span> <span class='ocrx_word' id='word_1_344' title='bbox 816 3741 881 3782; x_wconf 84' lang='lat' dir='ltr'><strong>stand</strong></span> <span class='ocrx_word' id='word_1_345' title='bbox 900 3739 945 3781; x_wconf 86' lang='lat' dir='ltr'><strong>und</strong></span> <span class='ocrx_word' id='word_1_346' title='bbox 965 3739 1046 3790; x_wconf 79' lang='lat' dir='ltr'><strong>gersdc</strong></span> <span class='ocrx_word' id='word_1_347' title='bbox 1066 3738 1107 3779; x_wconf 77' lang='lat' dir='ltr'><strong>anf</strong></span> <span class='ocrx_word' id='word_1_348' title='bbox 1120 3738 1154 3777; x_wconf 84' lang='lat' dir='ltr'><strong>die</strong></span> <span class='ocrx_word' id='word_1_349' title='bbox 1168 3732 1253 3776; x_wconf 79' lang='lat' dir='ltr'><strong>Details</strong></span> <span class='ocrx_word' id='word_1_350' title='bbox 1271 3730 1316 3771; x_wconf 86' lang='lat' dir='ltr'><strong>und</strong></span> <span class='ocrx_word' id='word_1_351' title='bbox 1330 3727 1365 3767; x_wconf 84' lang='lat' dir='ltr'><strong>dle</strong></span> 
     </span>
     <span class='ocr_line' id='line_1_39' title="bbox 376 3801 1365 3860; baseline -0.002 -10"><span class='ocrx_word' id='word_1_352' title='bbox 376 3811 461 3851; x_wconf 83' lang='lat' dir='ltr'><strong>Namen</strong></span> <span class='ocrx_word' id='word_1_353' title='bbox 475 3811 514 3850; x_wconf 86' lang='lat' dir='ltr'><strong>der</strong></span> <span class='ocrx_word' id='word_1_354' title='bbox 527 3811 673 3860; x_wconf 83' lang='lat' dir='ltr'><strong>betheiligten</strong></span> <span class='ocrx_word' id='word_1_355' title='bbox 686 3812 798 3852; x_wconf 87' lang='lat' dir='ltr'><strong>Perscnen</strong></span> <span class='ocrx_word' id='word_1_356' title='bbox 812 3810 944 3851; x_wconf 87' lang='lat' dir='ltr'><strong>bescndcres</strong></span> <span class='ocrx_word' id='word_1_357' title='bbox 957 3810 1057 3852; x_wconf 80' lang='lat' dir='ltr'><strong>Gcwlcht</strong></span> <span class='ocrx_word' id='word_1_358' title='bbox 1070 3805 1147 3858; x_wconf 82' lang='lat' dir='ltr'><strong>legte“.</strong></span> <span class='ocrx_word' id='word_1_359' title='bbox 1162 3805 1244 3844; x_wconf 78' lang='lat' dir='ltr'><strong>Marius</strong></span> <span class='ocrx_word' id='word_1_360' title='bbox 1251 3801 1365 3848; x_wconf 71' lang='lat' dir='ltr'><strong>Maximus,</strong></span> 
     </span>
     <span class='ocr_line' id='line_1_40' title="bbox 376 3869 1365 3934; baseline -0.012 -14"><span class='ocrx_word' id='word_1_361' title='bbox 376 3890 424 3920; x_wconf 88' lang='lat' dir='ltr'><strong>cum</strong></span> <span class='ocrx_word' id='word_1_362' title='bbox 438 3879 521 3921; x_wconf 85' lang='lat' dir='ltr'><strong>leviora</strong></span> <span class='ocrx_word' id='word_1_363' title='bbox 535 3883 633 3922; x_wconf 85' lang='lat' dir='ltr'><strong>accurate</strong></span> <span class='ocrx_word' id='word_1_364' title='bbox 648 3891 736 3922; x_wconf 73' lang='lat' dir='ltr'><strong>marram</strong></span> <span class='ocrx_word' id='word_1_365' title='bbox 751 3884 837 3934; x_wconf 85' lang='lat' dir='ltr'><strong>posset,</strong></span> <span class='ocrx_word' id='word_1_366' title='bbox 858 3879 934 3930; x_wconf 88' lang='lat' dir='ltr'><strong>quidni</strong></span> <span class='ocrx_word' id='word_1_367' title='bbox 948 3881 1014 3920; x_wconf 84' lang='lat' dir='ltr'><strong>etiam</strong></span> <span class='ocrx_word' id='word_1_368' title='bbox 1026 3890 1063 3920; x_wconf 89' lang='lat' dir='ltr'><strong>res</strong></span> <span class='ocrx_word' id='word_1_369' title='bbox 1075 3877 1187 3928; x_wconf 77' lang='lat' dir='ltr'><strong>graviores</strong></span> <span class='ocrx_word' id='word_1_370' title='bbox 1201 3882 1269 3923; x_wconf 84' lang='lat' dir='ltr'><strong>seque</strong></span> <span class='ocrx_word' id='word_1_371' title='bbox 1283 3883 1309 3911; x_wconf 85' lang='lat' dir='ltr'><strong>sc</strong></span> <span class='ocrx_word' id='word_1_372' title='bbox 1322 3869 1365 3910; x_wconf 84' lang='lat' dir='ltr'><strong>Dic</strong></span> 
     </span>
     <span class='ocr_line' id='line_1_41' title="bbox 372 3951 1239 4008; baseline 0.006 -18"><span class='ocrx_word' id='word_1_373' title='bbox 372 3951 500 3992; x_wconf 78' lang='lat' dir='ltr'><strong>rettulerit?</strong></span> <span class='ocrx_word' id='word_1_374' title='bbox 527 3951 554 3992; x_wconf 80' lang='lat' dir='ltr'><strong>ci.</strong></span> <span class='ocrx_word' id='word_1_375' title='bbox 568 3953 634 3992; x_wconf 83' lang='lat' dir='ltr'><strong>etlam</strong></span> <span class='ocrx_word' id='word_1_376' title='bbox 647 3963 667 4002; x_wconf 89' lang='lat' dir='ltr'><strong>p.</strong></span> <span class='ocrx_word' id='word_1_377' title='bbox 682 3953 751 4008; x_wconf 71' lang='grc' dir='ltr'><strong>97198Ι</strong></span> <span class='ocrx_word' id='word_1_378' title='bbox 1237 4002 1239 4008; x_wconf 21' lang='lat' dir='ltr'>y</span> 
     </span>
    </p>

    <p class='ocr_par' dir='ltr' id='par_1_6' title="bbox 341 4011 1364 4074">
     <span class='ocr_line' id='line_1_42' title="bbox 341 4011 1364 4074; baseline 0.003 -14"><span class='ocrx_word' id='word_1_379' title='bbox 341 4019 361 4072; x_wconf 77' lang='lat' dir='ltr'><strong>r)</strong></span> <span class='ocrx_word' id='word_1_380' title='bbox 375 4031 395 4070; x_wconf 76' lang='lat' dir='ltr'><strong>p.</strong></span> <span class='ocrx_word' id='word_1_381' title='bbox 409 4023 441 4061; x_wconf 84' lang='lat' dir='ltr'><strong>or.</strong></span> <span class='ocrx_word' id='word_1_382' title='bbox 457 4019 477 4073; x_wconf 80' lang='lat' dir='ltr'><strong>c)</strong></span> <span class='ocrx_word' id='word_1_383' title='bbox 491 4022 530 4063; x_wconf 68' lang='lat' dir='ltr'><strong>vc.</strong></span> <span class='ocrx_word' id='word_1_384' title='bbox 546 4021 587 4062; x_wconf 87' lang='lat' dir='ltr'><strong>Iul.</strong></span> <span class='ocrx_word' id='word_1_385' title='bbox 601 4022 663 4074; x_wconf 80' lang='lat' dir='ltr'><strong>viu,</strong></span> <span class='ocrx_word' id='word_1_386' title='bbox 677 4024 695 4062; x_wconf 85' lang='lat' dir='ltr'><strong>a.</strong></span> <span class='ocrx_word' id='word_1_387' title='bbox 710 4033 730 4072; x_wconf 74' lang='lat' dir='ltr'><strong>p.</strong></span> <span class='ocrx_word' id='word_1_388' title='bbox 745 4024 776 4064; x_wconf 81' lang='lat' dir='ltr'><strong>oc.</strong></span> <span class='ocrx_word' id='word_1_389' title='bbox 799 4018 820 4073; x_wconf 69' lang='lat' dir='ltr'><strong>a)</strong></span> <span class='ocrx_word' id='word_1_390' title='bbox 831 4021 874 4062; x_wconf 84' lang='lat' dir='ltr'><strong>ru.</strong></span> <span class='ocrx_word' id='word_1_391' title='bbox 888 4019 983 4073; x_wconf 80' lang='lat' dir='ltr'><strong>v111,4.</strong></span> <span class='ocrx_word' id='word_1_392' title='bbox 998 4030 1018 4069; x_wconf 78' lang='lat' dir='ltr'><strong>p.</strong></span> <span class='ocrx_word' id='word_1_393' title='bbox 1033 4021 1064 4060; x_wconf 81' lang='lat' dir='ltr'><strong>er.</strong></span> <span class='ocrx_word' id='word_1_394' title='bbox 1084 4018 1103 4072; x_wconf 77' lang='lat'><strong>⁶)</strong></span> <span class='ocrx_word' id='word_1_395' title='bbox 1118 4017 1159 4057; x_wconf 86' lang='lat' dir='ltr'><strong>Iul.</strong></span> <span class='ocrx_word' id='word_1_396' title='bbox 1173 4015 1212 4067; x_wconf 84' lang='lat' dir='ltr'><strong>vs,</strong></span> <span class='ocrx_word' id='word_1_397' title='bbox 1226 4013 1244 4054; x_wconf 82' lang='lat'><strong>⁵·</strong></span> <span class='ocrx_word' id='word_1_398' title='bbox 1258 4013 1279 4062; x_wconf 79' lang='lat' dir='ltr'><strong>i·</strong></span> <span class='ocrx_word' id='word_1_399' title='bbox 1293 4011 1364 4063; x_wconf 74' lang='grc'><strong>97193-</strong></span> 
     </span>
    </p>

    <p class='ocr_par' dir='ltr' id='par_1_7' title="bbox 339 4082 1365 4210">
     <span class='ocr_line' id='line_1_43' title="bbox 339 4082 1365 4144; baseline -0.01 -14"><span class='ocrx_word' id='word_1_400' title='bbox 339 4087 435 4142; x_wconf 69' lang='grc' dir='ltr'><strong>ο)(]1)1ο</strong></span> <span class='ocrx_word' id='word_1_401' title='bbox 450 4087 488 4142; x_wconf 85' lang='grc'><strong>79,</strong></span> <span class='ocrx_word' id='word_1_402' title='bbox 503 4093 539 4143; x_wconf 87' lang='grc'><strong>17,</strong></span> <span class='ocrx_word' id='word_1_403' title='bbox 555 4094 565 4131; x_wconf 99' lang='grc'><strong>1</strong></span> <span class='ocrx_word' id='word_1_404' title='bbox 580 4094 619 4132; x_wconf 82' lang='lat' dir='ltr'><strong>cte.</strong></span> <span class='ocrx_word' id='word_1_405' title='bbox 634 4091 675 4132; x_wconf 91' lang='lat' dir='ltr'><strong>Iul.</strong></span> <span class='ocrx_word' id='word_1_406' title='bbox 690 4091 717 4144; x_wconf 88' lang='lat' dir='ltr'><strong>V,</strong></span> <span class='ocrx_word' id='word_1_407' title='bbox 736 4091 748 4131; x_wconf 90' lang='lat'><strong>5</strong></span> <span class='ocrx_word' id='word_1_408' title='bbox 763 4094 785 4131; x_wconf 84' lang='lat' dir='ltr'><strong>et</strong></span> <span class='ocrx_word' id='word_1_409' title='bbox 804 4091 841 4132; x_wconf 73' lang='lat' dir='ltr'><strong>vlt</strong></span> <span class='ocrx_word' id='word_1_410' title='bbox 857 4089 907 4131; x_wconf 82' lang='lat' dir='ltr'><strong>Sar.</strong></span> <span class='ocrx_word' id='word_1_411' title='bbox 921 4089 948 4142; x_wconf 95' lang='lat' dir='ltr'><strong>V,</strong></span> <span class='ocrx_word' id='word_1_412' title='bbox 968 4089 986 4129; x_wconf 90' lang='lat'><strong>5.</strong></span> <span class='ocrx_word' id='word_1_413' title='bbox 1002 4088 1029 4129; x_wconf 84' lang='lat' dir='ltr'><strong>ci.</strong></span> <span class='ocrx_word' id='word_1_414' title='bbox 1044 4087 1142 4128; x_wconf 75' lang='lat' dir='ltr'><strong>Hoerner</strong></span> <span class='ocrx_word' id='word_1_415' title='bbox 1162 4095 1182 4135; x_wconf 89' lang='lat' dir='ltr'><strong>p.</strong></span> <span class='ocrx_word' id='word_1_416' title='bbox 1197 4087 1237 4136; x_wconf 86' lang='grc'><strong>89,</strong></span> <span class='ocrx_word' id='word_1_417' title='bbox 1259 4082 1297 4122; x_wconf 86' lang='lat' dir='ltr'><strong>ubi</strong></span> <span class='ocrx_word' id='word_1_418' title='bbox 1316 4083 1365 4132; x_wconf 88' lang='lat' dir='ltr'><strong>ipse</strong></span> 
     </span>
     <span class='ocr_line' id='line_1_44' title="bbox 375 4157 681 4210; baseline 0.01 -11"><span class='ocrx_word' id='word_1_419' title='bbox 375 4157 547 4210; x_wconf 82' lang='lat' dir='ltr'><strong>discrepantiam</strong></span> <span class='ocrx_word' id='word_1_420' title='bbox 561 4161 681 4203; x_wconf 85' lang='lat' dir='ltr'><strong>adnotavit.</strong></span> 
     </span>
    </p>

    <p class='ocr_par' dir='ltr' id='par_1_8' title="bbox 340 4223 1365 4352">
     <span class='ocr_line' id='line_1_45' title="bbox 340 4223 1365 4286; baseline -0.005 -18"><span class='ocrx_word' id='word_1_421' title='bbox 340 4227 358 4281; x_wconf 77' lang='lat' dir='ltr'><strong>l)</strong></span> <span class='ocrx_word' id='word_1_422' title='bbox 372 4227 445 4270; x_wconf 73' lang='lat' dir='ltr'><strong>Etiam</strong></span> <span class='ocrx_word' id='word_1_423' title='bbox 459 4231 504 4271; x_wconf 85' lang='lat' dir='ltr'><strong>alis</strong></span> <span class='ocrx_word' id='word_1_424' title='bbox 516 4229 543 4271; x_wconf 84' lang='grc' dir='ltr'><strong>Η.</strong></span> <span class='ocrx_word' id='word_1_425' title='bbox 558 4231 586 4271; x_wconf 85' lang='lat' dir='ltr'><strong>nd</strong></span> <span class='ocrx_word' id='word_1_426' title='bbox 598 4232 693 4273; x_wconf 88' lang='lat' dir='ltr'><strong>Dionem</strong></span> <span class='ocrx_word' id='word_1_427' title='bbox 713 4231 837 4286; x_wconf 87' lang='lat' dir='ltr'><strong>revocavit,</strong></span> <span class='ocrx_word' id='word_1_428' title='bbox 857 4229 884 4271; x_wconf 81' lang='lat' dir='ltr'><strong>ci.</strong></span> <span class='ocrx_word' id='word_1_429' title='bbox 898 4241 918 4280; x_wconf 86' lang='lat' dir='ltr'><strong>p.</strong></span> <span class='ocrx_word' id='word_1_430' title='bbox 934 4227 1016 4281; x_wconf 73' lang='lat' dir='ltr'><strong>mulis.</strong></span> <span class='ocrx_word' id='word_1_431' title='bbox 1031 4227 1100 4281; x_wconf 73' lang='lat' dir='ltr'><strong>²⁰³l4-</strong></span> <span class='ocrx_word' id='word_1_432' title='bbox 1121 4227 1166 4268; x_wconf 85' lang='grc'><strong>1199.</strong></span> <span class='ocrx_word' id='word_1_433' title='bbox 1188 4227 1232 4268; x_wconf 74' lang='grc'><strong>989.</strong></span> <span class='ocrx_word' id='word_1_434' title='bbox 1247 4223 1365 4276; x_wconf 85' lang='lat' dir='ltr'><strong>praecipue</strong></span> 
     </span>
     <span class='ocr_line' id='line_1_46' title="bbox 373 4297 1091 4352; baseline -0.003 -13"><span class='ocrx_word' id='word_1_435' title='bbox 373 4297 420 4352; x_wconf 79' lang='grc'><strong>199,</strong></span> <span class='ocrx_word' id='word_1_436' title='bbox 434 4299 471 4340; x_wconf 87' lang='lat' dir='ltr'><strong>ubi</strong></span> <span class='ocrx_word' id='word_1_437' title='bbox 485 4301 532 4350; x_wconf 88' lang='lat' dir='ltr'><strong>ipse</strong></span> <span class='ocrx_word' id='word_1_438' title='bbox 547 4302 680 4342; x_wconf 68' lang='lat' dir='ltr'><strong>senentiam</strong></span> <span class='ocrx_word' id='word_1_439' title='bbox 693 4311 754 4343; x_wconf 80' lang='lat' dir='ltr'><strong>suam</strong></span> <span class='ocrx_word' id='word_1_440' title='bbox 767 4301 882 4342; x_wconf 79' lang='lat' dir='ltr'><strong>restrinxit</strong></span> <span class='ocrx_word' id='word_1_441' title='bbox 896 4310 964 4350; x_wconf 85' lang='lat' dir='ltr'><strong>eoque</strong></span> <span class='ocrx_word' id='word_1_442' title='bbox 978 4298 1091 4349; x_wconf 74' lang='lat' dir='ltr'><strong>redarguit</strong></span> 
     </span>
    </p>
   </div>
   <div class='ocr_carea' id='block_1_3' title="bbox 0 0 1560 4872">
    <p class='ocr_par' dir='ltr' id='par_1_9' title="bbox 0 0 1560 4872">
     <span class='ocr_line' id='line_1_47' title="bbox 0 0 1560 4872; baseline 0 0"><span class='ocrx_word' id='word_1_443' title='bbox 0 0 1560 4872; x_wconf 95' lang='lat' dir='ltr'><strong> </strong></span> 
     </span>
    </p>
   </div>
  </div>
 </body>
</html>
