3118 4882
710 445 713 450 ’
739 442 780 509 13

215 653 333 693 navasse
350 638 451 706 iactat;
474 637 526 692 sed
544 637 619 706 quod
638 652 671 691 eo
689 651 778 704 usque
804 635 955 706 processit,
973 640 1005 688 ut
1032 633 1156 689 adiceret
1184 635 1223 702 ,si
1250 635 1309 703 qui·

217 725 280 780 dem
307 726 368 794 ipse
395 729 461 794 post
478 723 627 780 Caesarem·
644 723 826 778 Octavianum
847 723 986 778 labantem
1010 720 1181 789 disciplinam
1205 721 1311 776 incuria

216 813 387 882 superiorem
404 812 560 881 principum
578 809 716 878 retinuit“,
735 811 814 880 quasi
832 826 887 865 non
905 814 969 864 ante
987 824 1049 863 eum
1067 807 1185 875 Tiberii,
1203 808 1308 877 Vespa-

215 899 292 967 siani,
311 898 423 953 Traiani
441 897 574 965 fluissent,
593 897 622 952 id
640 913 762 953 summae
780 896 968 966 impudentiae
987 900 1037 950 est.
1066 923 1099 932 -
1125 894 1309 963 Antiquitatis

215 1001 299 1054 porro
317 985 440 1040 studium
458 990 577 1054 apparet
594 1000 628 1038 ex
646 985 687 1051 X,
705 986 735 1053 2,
755 984 802 1040 ubi
826 983 983 1038 Hadrianus
1007 981 1130 1050 Scipioni
1153 981 1308 1037 Aemiliano

218 1079 247 1126 et
264 1072 375 1126 Metello
394 1077 584 1140 comparatum
601 1071 638 1126 ad
656 1074 779 1126 veterem
797 1075 890 1125 autem
907 1085 1011 1125 morem
1028 1074 1127 1123 auctor
1144 1068 1269 1137 respexit
1282 1072 1311 1120 et

216 1156 251 1224 X,
270 1158 287 1211 8
309 1173 358 1226 ,ne
376 1159 438 1227 quis
499 1158 643 1213 incastris
661 1165 785 1214 contra
802 1174 921 1212 morem
938 1152 1268 1212 oeteremversaretur“
1283 1159 1311 1208 et

215 1243 264 1311 XI,
282 1245 300 1299 2
319 1261 403 1314 ,ergo
422 1246 562 1300 conversis
580 1245 676 1314 reple
693 1262 783 1300 more
800 1243 939 1300 militibus.
952 1273 986 1281 -
998 1243 1125 1312 Denique
1143 1241 1219 1311 quod
1236 1241 1272 1309 X,
1291 1241 1308 1294 2

216 1331 373 1388 Hadrianus
397 1332 476 1400 pacis
503 1333 592 1401 magis
619 1338 702 1400 quam
728 1332 794 1387 belli
820 1332 938 1400 cupidus
965 1329 1051 1386 fuisse
1078 1329 1196 1397 dicitur,
1222 1343 1312 1383 nonne

216 1419 346 1474 memoria
369 1424 461 1487 tenes,
480 1435 552 1488 quae
576 1419 711 1474 simillima
735 1425 846 1475 exstant
863 1419 904 1486 V,
923 1419 938 1471 1
963 1417 1114 1486 ,tenendae
1138 1431 1188 1485 per
1215 1414 1310 1471 orbem

217 1511 353 1560 terrarum
370 1506 434 1574 paci
452 1522 566 1575 operam
583 1503 742 1561 intendit“?

287 1591 330 1646 De
348 1591 401 1646 hac
419 1591 504 1660 igitur
522 1597 609 1660 parte,
629 1608 691 1646 curn
710 1591 832 1646 cuiusvis
850 1590 961 1660 generis
982 1590 1064 1660 signa
1086 1593 1214 1658 pateant,
1234 1587 1311 1655 dubi-

216 1678 270 1732 tari
288 1678 397 1747 renutu
415 1679 466 1732 sed
485 1679 567 1733 etiam
586 1695 608 1734 c.
627 1679 685 1746 Xll
706 1681 721 1740 5
740 1680 764 1747 3,
784 1693 950 1746 quamquam
969 1675 1089 1730 cumeis
1108 1691 1180 1744 quae
1198 1689 1310 1743 praece·

217 1764 287 1818 dunt
304 1781 359 1818 non
377 1763 522 1831 cohaeret,
541 1779 576 1819 ex
594 1765 693 1820 eodem
710 1763 787 1819 fonte
808 1764 935 1820 haustam
959 1779 1021 1819 esse
1046 1767 1151 1818 certum
1174 1767 1232 1829 est,
1246 1777 1313 1814 cum

217 1851 259 1919 ea,
270 1865 341 1918 quae
359 1851 394 1904 de
413 1850 515 1906 Sabina
532 1852 666 1906 Hadriani
682 1868 770 1907 uxore
788 1851 903 1920 eiusque
922 1849 1092 1905 amatoribus
1109 1847 1224 1918 profert,
1238 1863 1309 1901 com-

217 1936 319 2004 pilator
336 1953 367 1992 se
391 1936 427 1992 ab
444 1937 507 2005 ipso
531 1938 656 2006 principe
681 1939 824 2007 accepisse
846 1938 984 2006 urgeas),
1008 1952 1187 2006 quamquam,
1206 1934 1313 1990 etiarnsi

217 2022 247 2078 id
264 2039 319 2077 non
332 2023 447 2079 disertis
465 2024 558 2081 verbis
576 2023 720 2094 professus
739 2029 821 2092 esset,
839 2040 919 2080 nemo
938 2024 1080 2093 ignoraret
1096 2022 1170 2077 unde
1184 2019 1312 2091 profecta

217 2109 280 2164 sint.
304 2110 377 2164 Tota
394 2111 466 2165 enim
483 2112 605 2166 narratio
624 2127 679 2180 quo
698 2111 812 2166 consilio
831 2116 991 2180 comparata
1009 2110 1046 2165 sit
1063 2109 1186 2179 quidque
1204 2109 1230 2163 ei
1247 2124 1311 2176 pos·

218 2197 255 2251 sit
271 2196 370 2266 tribui,
388 2199 416 2252 in
439 2199 589 2267 propatulo
612 2203 668 2266 est,
687 2199 792 2267 quippe
816 2214 871 2266 qua
894 2199 964 2254 duas
988 2197 1069 2252 simul
1092 2212 1136 2252 res
1163 2197 1313 2264 imperator

219 2291 383 2340 consecutus
407 2286 457 2342 sit:
481 2286 599 2354 primum
623 2286 730 2339 illarum
755 2284 960 2340 abdicationum
984 2283 1078 2339 odium
1104 2299 1121 2336 a
1144 2298 1175 2338 se
1203 2282 1313 2350 avertit,

218 2370 318 2427 deinde
337 2373 446 2441 culpam
464 2372 609 2427 domestici
627 2371 737 2426 discidii
744 2369 765 2437 a)
783 2375 871 2425 totam
888 2371 916 2424 in
933 2385 1048 2424 uxorem
1066 2369 1189 2424 conierit.

289 2457 370 2523 Quod
394 2475 417 2513 c.
441 2459 502 2526 XI,i
528 2463 629 2526 restat,
647 2459 712 2513 inde
736 2473 753 2511 a
776 2459 791 2520 5
814 2457 845 2524 4,
865 2472 927 2510 curn
949 2456 1015 2510 nihil
1032 2455 1085 2510 nisi
1108 2455 1203 2524 turpia
1229 2459 1313 2522 atque

218 2544 398 2612 malignitatis
416 2546 498 2614 plena
515 2545 543 2599 in
561 2545 732 2600 Hadrianum
750 2543 961 2614 profundantur,
980 2542 1089 2596 aliunde
1108 2541 1241 2610 originem
1265 2541 1314 2595 du-

219 2647 282 2686 cere
299 2647 379 2686 nemo
396 2632 533 2701 negabit..
554 2631 611 2687 Sed
634 2647 669 2687 ne
692 2632 763 2686 hanc
787 2629 899 2700 quidem
922 2630 1067 2699 parvulam
1091 2627 1256 2697 particulam
1277 2643 1312 2682 cx

217 2735 273 2772 uno
296 2716 372 2774 fonte
395 2718 536 2775 effluxisse
561 2719 723 2789 Spartianus
752 2719 812 2787 ipse
838 2717 911 2771 clare
935 2714 1082 2785 significat.
1116 2714 1224 2770 Etenim
1251 2730 1314 2768 cum

219 2805 294 2859 dicat
321 2805 347 2859 in
373 2806 424 2868 55
449 2806 537 2874 ,unde
561 2822 615 2860 non
639 2805 816 2859 iniucundum
840 2809 884 2860 est
906 2819 965 2858 rem
988 2803 1109 2858 inserere
1133 2799 1202 2858 etc.“
1227 2806 1314 2870 patet,

219 2891 235 2951 S
261 2892 313 2959 ὂψ
339 2908 394 2947 non
427 2892 530 2960 eidem,
565 2892 609 2946 eui
632 2895 648 2954 5
671 2891 703 2960 4,
731 2891 839 2946 auctori
862 2889 966 2944 deberi.
1003 2889 1152 2956 Quocirca,
1176 2888 1204 2943 ni
1226 2886 1316 2955 fallor,

220 2977 383 3047 Spartianus
402 2984 554 3034 commotus
573 2984 624 3046 est,
642 2983 675 3033 ut
691 2978 720 3032 in
738 2981 752 3040 5
771 2979 786 3031 7
805 2993 914 3046 semper
937 2976 1037 3045 plurali
1055 2990 1168 3030 numero
1188 2978 1313 3028 uteretur

218 3072 327 3134 putant,
346 3067 514 3134 adiungunt,
533 3065 675 3133 adserunt,
693 3067 839 3132 iungentes.
875 3062 980 3117 Verum
1003 3067 1096 3115 tamen
1116 3058 1221 3128 fontes,
1245 3075 1315 3129 quos

221 3151 312 3206 adhuc
335 3153 486 3208 exhaustos
510 3167 572 3207 esse
599 3151 725 3216 ostendi,
752 3148 927 3218 percensenti
952 3147 1018 3201 mihi
1044 3162 1079 3201 ne
1106 3163 1177 3200 unns
1205 3146 1316 3214 quidem

221 3239 356 3293 eiusmodi
379 3255 441 3295 esse
464 3239 589 3306 videtin,
608 3238 654 3293 eui
679 3237 777 3292 merito
799 3237 854 3291 ista
877 3235 1064 3302 iniungantur.
1100 3233 1222 3287 Mariana
1243 3234 1314 3288 enim

222 3324 284 3391 quis
301 3324 367 3378 talia
385 3325 545 3380 crediderit!
564 3339 653 3392 neque
670 3322 760 3377 minus
777 3337 812 3376 ea
829 3320 979 3378 abhorrent
996 3320 1032 3376 ab
1050 3321 1146 3389 ignoto
1165 3326 1279 3375 auctore
1291 3337 1314 3376 o.

223 3407 299 3478 IX},
317 3426 399 3479 quern
421 3411 531 3466 inimico
555 3410 666 3480 quidem
689 3409 717 3463 in
734 3408 904 3463 Hadrianum
928 3408 1018 3463 animo
1042 3423 1133 3476 neque
1150 3412 1242 3461 tamen
1266 3407 1314 3462 im·

298 3600 315 3652 1)
329 3601 368 3653 XI,
381 3604 407 3642 s:
420 3602 515 3651 Septicio
529 3601 593 3642 (ilaro
614 3601 725 3651 praefecto
744 3601 854 3651 praetorio
873 3603 895 3642 et
907 3599 1011 3640 Suetonio
1025 3586 1153 3648 Tranquillo
1175 3598 1316 3647 epistularum

326 3672 429 3722 magistro
442 3673 557 3721 multisque
571 3672 633 3723 aliis,
647 3671 704 3720 quod
718 3671 775 3721 apud
788 3670 892 3711 Sabinam
912 3678 1002 3709 uxorem
1022 3669 1104 3708 iniussu
1120 3668 1166 3708 eius
1185 3667 1316 3708 familiarius

327 3752 353 3782 ae
367 3745 419 3782 tuno
433 3745 525 3792 egerant
538 3752 602 3790 quarn
615 3741 741 3783 reverentia
754 3740 829 3780 domus
849 3741 931 3780 aulicae
950 3739 1085 3790 postulabat,
1098 3747 1230 3778 suscessores
1248 3737 1317 3788 dedit,

327 3821 416 3852 uxorem
430 3813 495 3851 etiam
508 3814 532 3851 ut
545 3821 652 3852 morosam
673 3813 695 3850 et
715 3820 814 3859 asperam
835 3809 975 3859 dlmlssurus,
996 3810 1027 3847 ut
1046 3808 1111 3856 ipse
1133 3806 1276 3856 dicebat,
1298 3802 1317 3842 si

328 3883 428 3931 privatus
445 3882 527 3920 fuisset.

296 3949 315 4002 ἵ)
329 3952 362 3990 De
376 3962 419 3999 quo
433 3951 532 3990 conferas
552 3959 631 3998 quaeso
652 3950 717 3990 etiarn
731 3949 798 3990 Hadr.
820 3951 859 4000 23,
879 3950 905 3989 9·.
925 3947 1025 4000 „quando
1043 3945 1130 3996 quidem
1151 3947 1217 3986 etlam
1235 3945 1318 3986 Sabina

327 4031 382 4060 uxor
395 4032 440 4060 non
453 4021 501 4060 sine
514 4020 589 4070 fabula
601 4021 682 4061 veneni
695 4019 741 4060 dati
755 4020 782 4059 ab
795 4019 907 4059 Hadriano
921 4017 1024 4056 defuncta
1037 4013 1090 4066 est“,
1098 4025 1153 4063 quas
1160 4015 1258 4056 Mariana
1271 4026 1318 4055 esse

327 4094 403 4139 postea
422 4088 558 4140 videmnus,
579 4098 644 4137 porro
662 4087 789 4139 Epitomae,
803 4097 858 4136 quae
876 4087 962 4127 Aurelii
983 4087 1076 4127 Victoris
1098 4085 1175 4137 fertur,
1197 4088 1209 4130 5
1229 4087 1318 4124 iil-ii:

329 4160 399 4200 Huius
412 4169 467 4208 uxor
481 4158 569 4210 Sabina,
584 4159 635 4198 duni
648 4168 716 4207 prope
729 4158 845 4198 servilibus
859 4157 944 4197 iniuriis
958 4157 1079 4207 accipitur,
1093 4155 1121 4196 sd
1136 4158 1227 4194 mortem
1242 4155 1317 4195 volun-

328 4231 407 4270 tariam
421 4229 532 4278 compulsa
546 4230 584 4268 est.
599 4227 658 4276 Quae
672 4228 745 4276 palam
758 4227 860 4277 iactabat,
874 4236 938 4275 quam
952 4226 1046 4265 immane
1059 4225 1173 4274 ingenium
1186 4225 1318 4274 pertulisset,

329 4303 352 4340 et
363 4299 492 4348 elaborasse,
505 4307 534 4337 ne
548 4307 575 4337 ex
591 4307 616 4336 eo
631 4295 658 4336 ad
671 4297 761 4337 humani
774 4297 861 4346 generis
874 4296 993 4345 perniciem
1007 4295 1163 4344 gravidaretur.
