3112 4874
731 430 773 496 23

698 522 802 530 *—

204 625 415 693 animadvertit,
433 624 505 680 falso
523 625 568 682 ille
586 642 714 682 numerus
732 626 852 682 traditur
871 632 899 682 et
917 643 983 683 vero
1010 629 1077 684 totis
1103 630 1200 685 decem
1224 630 1302 686 annis

203 717 290 770 maior
316 721 376 784 est,
394 720 426 770 ut
452 713 533 770 facile
559 713 721 770 testimoniis
749 720 778 770 et
796 713 885 770 Cassii
904 715 1000 771 Dionis
1012 717 1031 782 ¹)
1050 721 1077 772 et
1095 717 1222 786 Eutropii
1233 717 1253 784 2)
1272 723 1301 772 61

203 801 310 858 Aurelii
328 803 450 860 Victoris
458 801 478 869 ⁸)
498 802 641 858 evincitur.
679 801 746 856 Cum
765 807 857 858 autem
875 803 1034 859 incredibile
1052 804 1096 872 sit,
1115 820 1184 872 eum,
1204 804 1251 874 qui
1272 796 1302 859 et

204 889 1300 968 mmmwwmmfflwm—mmmmwmmm

203 978 293 1032 Dione
320 1006 354 1014 —
380 977 409 1030 in
435 976 513 1031 annis
530 975 685 1031 indicandis
712 981 768 1032 tam
786 977 962 1034 vehementer
988 979 1141 1046 erravisse,
1159 985 1239 1048 patet
1255 979 1301 1033 hic

203 1064 307 1119 librarii
326 1064 470 1119 cuiusdam
487 1069 633 1132 peccatum
651 1064 829 1119 statuendum
856 1081 931 1132 esse,
951 1065 998 1134 qui
1021 1082 1073 1134 pro
1091 1065 1170 1120 LXII
1188 1065 1301 1134 scripsit

203 1151 317 1206 LXXII.
354 1151 411 1205 Iam
429 1167 497 1206 vero
516 1165 578 1204 cum
596 1150 721 1219 diligenti
746 1151 853 1206 ratione
877 1151 1004 1208 instituta
1027 1168 1156 1208 numerus
1181 1153 1299 1221 aSpar·

203 1238 277 1292 tiano
295 1238 324 1292 in
341 1254 365 1292 c.
383 1238 473 1305 XXV,
492 1239 524 1291 11
543 1236 671 1306 proditus
690 1237 828 1306 spatium,
847 1255 903 1306 quo
927 1239 987 1294 dies
1010 1237 1133 1295 funebr'rs
1152 1239 1252 1306 (XXV,
1270 1239 1298 1306 6)

202 1341 219 1378 a
237 1324 322 1380 natali
341 1325 386 1398 die
405 1324 436 1393 (I,
455 1326 482 1391 3)
501 1325 652 1380 secundum
670 1325 786 1380 Marium
803 1326 951 1380 Maximum
969 1324 1082 1382 definito
1104 1327 1198 1394 distat,
1211 1331 1300 1382 totum

203 1413 322 1481 expleat,
337 1429 427 1468 nonne
445 1412 514 1468 baec
533 1411 678 1468 consensio
695 1412 744 1466 tali
762 1413 791 1466 in
808 1428 839 1466 re
857 1429 912 1468 non
929 1412 1043 1468 fortuita
1055 1413 1208 1469 certissimo
1221 1411 1300 1467 nobis

202 1505 365 1568 argumento
384 1505 427 1556 est
443 1505 563 1569 utroque
581 1500 642 1554 loco
661 1499 777 1554 Marium
794 1499 942 1554 Maximum
959 1505 1123 1568 usurpatum
1141 1497 1255 1564 osse?⁴)
1309 1562 1311 1566 ,

272 1587 328 1643 Sed
346 1586 453 1642 etiamsi
471 1591 594 1642 extrema
611 1602 677 1655 pars
694 1586 777 1642 huius
789 1585 864 1640 vitae
882 1586 965 1641 sicuti
982 1585 1089 1640 Initium
1107 1587 1188 1655 signa
1200 1586 1297 1642 Maria·

202 1689 254 1728 nae
273 1673 388 1742 originis
407 1671 621 1743 praeseferat,
639 1678 730 1728 tamen
748 1672 794 1726 hic
812 1688 925 1742 quoque
948 1672 1038 1727 aliena
1060 1673 1189 1728 nonnulla
1213 1673 1297 1728 immi·

201 1766 361 1827 graverunt,
375 1777 447 1830 quae
464 1761 488 1816 si
506 1761 585 1816 Marii
603 1760 788 1816 narrationem
800 1775 966 1828 recuperare
978 1760 1113 1827 volumus,
1126 1759 1300 1814 exturbanda

203 1850 275 1902 sunt.
294 1847 415 1902 Primum
434 1848 554 1916 quidem,
572 1848 602 1902 id
615 1847 691 1916 quod
703 1847 750 1901 vir
768 1846 975 1901 commemorari
992 1861 1107 1902 necesse
1124 1851 1175 1914 cst,
1194 1845 1298 1913 XXIII,

206 1934 236 2000 2,
254 1933 302 1989 ubi
320 1934 356 1988 de
375 1933 500 1990 Serviani
517 1939 606 1990 morte
625 1935 733 2004 agitur,
751 1933 839 1990 verba
858 1932 966 2003 ,lquem
984 1934 1110 2002 postea),
1128 1938 1161 1988 ut
1178 1933 1298 1990 diximus

206 2019 286 2084 (mori
305 2018 425 2090 coegit)“
444 2035 462 2076 a
481 2021 627 2090 Spartiano
645 2022 742 2076 addita
760 2026 838 2089 sunt,
858 2036 920 2075 oum
938 2020 1041 2076 Marius
1060 2022 1095 2076 de
1113 2020 1167 2074 hac
1184 2037 1215 2076 re
1232 2037 1299 2076 non-

206 2108 271 2162 dum
289 2108 435 2176 rettulerit,
454 2109 504 2164 sed
517 2113 624 2163 tantum
642 2114 740 2164 auctor
759 2125 782 2164 o.
795 2109 850 2163 XV
856 2109 870 2174 ¹‚·
896 2108 993 2177 Neque
1005 2109 1094 2164 minus
1106 2108 1211 2175 XXIV,
1229 2107 1299 2162 3-5
1343 2114 1345 2116 ’

206 2194 242 2249 ab
266 2195 327 2264 ipso
353 2195 533 2265 compilatore
556 2196 650 2251 nescio
673 2197 762 2264 unde,
786 2194 906 2252 fortasse
929 2197 965 2252 de
987 2196 1133 2264 memoria,
1157 2196 1298 2251 Marianae

204 2281 355 2337 narrationi
379 2283 482 2338 inserta
506 2287 584 2350 sunt3
609 2283 676 2351 quin
699 2283 783 2338 etiam
806 2283 834 2338 in
858 2288 958 2352 aperto
983 2289 1039 2351 cst,
1065 2284 1132 2352 quid
1152 2284 1299 2352 Spartiano

205 2385 307 2424 causae
325 2367 409 2424 fuerit
426 2369 496 2424 haec
514 2369 681 2438 proferendi.
718 2369 843 2438 Namque
863 2386 925 2425 cum
943 2370 1047 2424 Marius
1066 2370 1169 2437 XXIV,
1194 2371 1209 2423 1
1229 2371 1298 2426 satis

204 2455 349 2511 habuisset
365 2456 488 2512 scribere
508 2457 636 2525 ,Arrium
653 2455 832 2524 Antoninum,
848 2457 898 2526 qui
916 2462 1017 2526 postea
1034 2457 1100 2512 Pius
1119 2457 1211 2512 dictus
1230 2455 1298 2525 est“,

204 2543 331 2598 nimirum
349 2545 425 2613 quod
443 2561 495 2613 pro
514 2545 715 2600 consuetudine
733 2561 785 2600 sua
804 2545 839 2600 de
858 2560 891 2600 ea
909 2561 939 2600 re
957 2561 1013 2600 non
1033 2544 1062 2599 in
1079 2543 1214 2599 Hadriani
1232 2544 1299 2611 vita,

205 2631 255 2685 scd
274 2647 325 2686 suo
343 2632 405 2686 looo
423 2631 440 2686 i.
460 2647 483 2687 e.
502 2632 530 2688 iu
548 2632 606 2686 vita
623 2631 756 2688 Antonini
774 2631 817 2686 Pii
836 2631 1000 2700 explicatius
1019 2631 1113 2686 dicere
1130 2630 1233 2696 voluit,
1251 2630 1298 2684 illa

203 2717 290 2773 verba
309 2718 485 2787 epitomatori
509 2735 604 2774 ansam
628 2720 818 2789 praebuerunt
840 2719 984 2774 doetrinae
1007 2735 1076 2774 suae
1100 2716 1299 2784 ostentandam

206 2823 261 2874 qua
279 2811 372 2860 autem
390 2805 503 2862 firerunt
520 2807 567 2862 isti
585 2806 708 2862 homines
726 2806 858 2874 stultitia,
878 2807 1055 2875 spartianum
1072 2804 1146 2874 fugit
1163 2821 1194 2861 se
1212 2803 1299 2858 Mario

205 2892 324 2947 Maximo
342 2890 468 2948 funditus
487 2892 626 2948 contraria
643 2909 808 2962 proponere.
844 2893 949 2949 Attulit
966 2895 1037 2950 enim
1054 2893 1158 2961 XXIV,
1176 2891 1300 2946 3-511

205 2980 397 3048 explicandam
414 2980 629 3049 appellationem
647 2981 690 3035 Pii
708 2987 765 3037 tres
784 2981 921 3049 rationes,
946 2981 986 3036 ita
1003 2987 1097 3036 tamen
1114 2984 1146 3034 ut
1163 2979 1225 3048 ipse
1241 2978 1297 3046 pri·

204 3083 276 3121 mam
294 3067 452 3135 approbare
470 3068 607 3123 videatur.
643 3069 748 3123 Harum
776 3068 1005 3146 explicationum,
1031 3083 1146 3135 quarum
1170 3081 1299 3120 numerus

205 3152 286 3208 facile
310 3155 408 3222 augeri
432 3159 527 3222 potest
550 3155 599 3209 vit.
623 3154 689 3209 Ant.
707 3155 750 3209 Pii
775 3170 798 3210 c.
822 3155 851 3210 11
875 3153 1059 3224 paragraphis
1084 3152 1151 3207 3-7
1176 3151 1301 3219 adscitis,

206 3255 342 3307 quaenam
366 3239 548 3309 pracferenda
572 3241 622 3308 sit,
646 3240 691 3295 hic
717 3241 876 3310 disceptare
899 3241 965 3296 mihi
990 3240 1067 3295 cordi
1091 3243 1223 3306 nonest,
1248 3239 1299 3294 sed

207 3325 276 3379 satis
300 3324 390 3381 haheo
409 3326 599 3382 demonstrare
623 3343 706 3383 unam
730 3334 807 3382 certe
831 3333 859 3382 et
884 3344 944 3382 eam
963 3327 1088 3396 quidem,
1116 3341 1199 3393 quam
1218 3325 1300 3394 Spar-

205 3410 297 3466 tianus
322 3413 464 3480 amplexus
483 3419 540 3481 est,
564 3430 625 3469 cum
643 3414 731 3470 Mario
755 3430 891 3484 pugnare.
927 3413 1036 3468 Etenim
1060 3429 1122 3479 cunr
1139 3411 1297 3468 Antoninus

205 3499 270 3554 ideo
288 3498 355 3554 Pius
379 3505 496 3556 vocatus
520 3517 582 3556 esse
605 3502 801 3570 perhibeatur,
829 3503 905 3571 quod
928 3515 1056 3557 socerum
1080 3505 1174 3556 aetate
1196 3498 1300 3555 fessum

205 3602 288 3641 manu
305 3585 501 3654 sublevaverit,
521 3588 618 3644 eadem
637 3594 729 3644 autem
747 3605 781 3644 ex
799 3605 837 3657 ro,
856 3595 888 3643 ut
905 3605 921 3644 e
939 3589 987 3644 vit.
1001 3587 1043 3642 Pii
1055 3588 1104 3656 IV,
1122 3589 1180 3643 2et
1191 3585 1300 3642 Aurelii

205 3673 328 3730 Victoris
346 3672 396 3728 vit.
414 3673 549 3730 Hadriani
566 3679 581 3738 ξ
600 3677 632 3730 11
652 3676 798 3745 discimus,
823 3692 909 3732 causa
927 3676 1086 3745 adoptionis
1105 3691 1122 3730 a
1139 3675 1233 3730 multis
1252 3674 1299 3729 de·

188 3789 207 3812 ⁶
282 3811 300 3863 ι)
314 3811 372 3852 cass.
387 3812 430 3852 nro
444 3811 523 3864 nxrx,
538 3814 570 3865 aa,
584 3816 602 3854 1.

279 3879 299 3933 ²)
314 3883 403 3933 Eutrop.
417 3883 480 3934 VIII,
494 3884 512 3923 l.

280 3950 387 4002 ⁸)Aurel.
401 3951 457 3993 Vict.
472 3950 531 4004 XIV,
546 3953 582 4003 123
600 3953 658 4002 IIplt.
673 3953 732 4005 XIV,
747 3955 777 3994 15.

279 4019 299 4073 ⁴)
312 4023 467 4072 DIscrepsntla
487 4022 578 4062 duorum
598 4023 694 4077 dierum,
711 4035 765 4075 quaa
785 4025 843 4066 inter
862 4023 959 4064 (lanatum
976 4024 1070 4064 Dionem
1089 4027 1111 4064 ct
1124 4023 1217 4064 Marlum
1233 4025 1300 4064 inter-

312 4093 370 4133 cedit
384 4102 411 4132 cx
425 4103 451 4134 eo
465 4092 594 4142 sxpllcanda
606 4093 701 4147 vIdetur,
715 4093 772 4143 quod
785 4095 828 4134 Dlo
841 4103 927 4136 meuses
941 4092 1002 4132 XXX
1016 4094 1100 4133 dierum
1119 4093 1229 4132 Intellexit
1241 4093 1300 4133 ideo·

310 4172 351 4211 quc
364 4163 389 4201 ln
402 4163 552 4212 computandis
566 4163 679 4204 menslbus
692 4163 801 4216 Ianuario,
815 4165 888 4206 Martii
895 4194 901 4217 ,
915 4164 973 4204 Malo
987 4163 1120 4204 tricesimum
1134 4162 1228 4212 primum
1242 4162 1299 4202 diem

313 4232 429 4280 separatim
444 4233 535 4284 notarii,
550 4232 607 4273 diam
621 4234 717 4275 natalm
730 4237 803 4276 autern
817 4246 860 4276 non
881 4235 989 4286 respexIt,
1002 4233 1034 4274 ita
1054 4219 1078 4273 ut
1096 4241 1199 4273 numerus
1218 4231 1301 4273 duobus

311 4304 431 4353 augeretur.
