3118 4882
782 367 826 430 42

254 559 282 612 in
301 576 371 629 quos
391 559 512 614 Severus
523 560 744 616 animadvertit.“
766 562 859 626 Quid?
873 579 936 617 num
945 569 1097 633 propterea
1110 564 1227 620 Albinus
1240 566 1350 620 desere-

254 646 345 712 batur,
366 647 441 715 quod
459 648 549 702 victor
568 649 734 704 exstiterat?
772 651 876 704 Contra
895 667 917 705 c.
937 653 977 705 XI
995 652 1092 720 incipit
1113 653 1219 717 ,multis
1242 653 1349 707 interim

254 735 331 788 varIe
350 735 438 802 gestis
457 736 483 788 in
502 735 593 789 Gallia
610 736 699 803 primo
718 778 745 791 ..
765 780 770 792 .
788 736 965 792 ‚felicissime
983 739 1121 806 pugnavit
1139 738 1260 793 Seuerus
1279 739 1347 794 etc.“

254 849 287 856 —
306 821 389 875 Adde
408 823 484 890 quod
508 839 620 890 pugnae
639 840 750 891 <proque
769 825 983 892 descriptionem
1002 826 1168 893 epitomator
1192 827 1348 894 perturbat,

255 925 315 962 cum
334 909 428 964 subito
447 909 473 972 (ξ
492 912 519 974 a)
539 911 573 963 de
592 913 857 970 senatusconsulto
883 919 911 965 et
935 913 1030 966 Severi
1058 913 1157 966 litteris
1167 913 1185 977 1)
1210 914 1246 966 ad
1273 914 1349 966 illum

254 996 327 1049 datis
346 998 476 1050 nonnulla
494 997 598 1050 inserit.
636 999 712 1060 Quae
732 997 757 1050 iu
778 997 819 1052 his
840 999 978 1066 capitibus
997 1000 1120 1052 Mariana
1138 1001 1201 1067 siut,
1221 1017 1292 1068 qliae
1314 1001 1349 1054 ab

255 1099 289 1134 eo
308 1083 406 1150 aliena,
425 1083 545 1138 discerni
564 1084 667 1151 nequit.

325 1168 354 1222 C.
373 1170 553 1237 XH—XVII,
572 1170 597 1237 4,
616 1168 752 1238 exemptis
772 1187 832 1238 cap.
843 1173 927 1237 XIV}
946 1172 1131 1240 paragraphis
1149 1174 1274 1234 5—13,e
1293 1175 1349 1228 llIa-

255 1256 296 1310 rio
321 1256 433 1311 fluxisse
458 1257 596 1312 videntur.
633 1258 710 1311 Bene
735 1259 806 1312 enim
831 1259 927 1312 ordine
952 1259 1079 1326 procedit
1098 1261 1220 1314 narratio
1244 1261 1308 1314 inde
1333 1278 1349 1314 a

256 1343 346 1410 capite
365 1344 433 1410 XII,
452 1344 499 1397 ubi
518 1344 682 1412 Spartianus
702 1345 841 1414 errentur,
862 1364 943 1413 quma
969 1363 1052 1400 saeve
1075 1347 1194 1402 Severus
1220 1364 1281 1414 eos,
1302 1350 1349 1417 qui

255 1430 290 1484 ab
309 1430 410 1484 Albine
429 1432 581 1498 stetissent,
600 1438 764 1499 persecutus
784 1435 828 1486 sit.
854 1435 1006 1502 Postquam
1025 1435 1213 1488 crudelissime
1238 1436 1264 1488 in
1283 1453 1346 1503 pro-

254 1519 352 1571 vinciis
371 1535 401 1572 sc
420 1518 563 1585 gessisset,
582 1519 682 1572 irahrm
700 1526 729 1572 et
747 1521 858 1574 ultiouis
878 1522 1010 1588 cupidum
1023 1522 1140 1575 Romam
1159 1538 1222 1575 eum
1238 1529 1348 1576 conten-

257 1605 339 1672 disse,
353 1606 401 1659 ubi
414 1607 490 1673 apud
508 1611 634 1660 senatum
648 1605 828 1660 commodum
845 1625 900 1661 uon
913 1609 996 1662 mede
1010 1606 1190 1674 defendisset,
1203 1610 1253 1663 scd
1267 1610 1348 1663 etiam

256 1693 327 1746 inter
346 1693 413 1748 dees
433 1692 594 1759 rettulisset,
614 1693 701 1760 ipsius
721 1710 788 1746 vero
807 1694 992 1761 clementiam,
1012 1712 1074 1749 cum
1092 1712 1221 1762 magnum
1240 1685 1348 1750 senate-

255 1795 314 1832 rum
334 1780 505 1847 aliorumque
524 1780 645 1834 virerum
672 1781 819 1834 illustrium
843 1799 985 1836 numerum
1013 1783 1072 1836 sine
1100 1798 1200 1836 causae
1228 1783 1349 1837 dictione

256 1866 335 1920 caedi
354 1866 475 1931 iuberet,
495 1883 663 1934 magnopere
687 1868 915 1934 praedicavissct.
952 1869 1031 1922 XLII
1055 1869 1203 1936 insignium
1228 1871 1349 1923 virorum

186 1989 187 1992 κ
255 1953 294 2006 ita
319 1958 501 2007 mactaterum
529 1954 637 2007 nornine
662 1954 688 2007 in
717 1971 740 2008 c.
765 1955 834 2007 XIII
862 1956 1008 2008 memoriae
1035 1957 1208 2022 produntur,
1233 1974 1349 2023 querum

255 2040 351 2094 XXIX
369 2045 512 2094 senatores
530 2039 617 2095 fulsse
636 2047 664 2094 et
688 2041 758 2095 inter
782 2041 833 2095 hes
853 2042 997 2096 Claudium
1023 2059 1133 2109 quoque
1153 2043 1348 2109 Sulpicianum,

256 2127 409 2182 Pertinacis
433 2143 574 2194 socerum,
595 2127 707 2182 Cassius
726 2128 780 2182 Dio
806 2128 954 2194 testatae).
991 2128 1078 2193 Quam
1102 2128 1177 2181 vitae
1200 2134 1308 2196 partem
1333 2145 1348 2182 e

257 2214 344 2267 Mario
363 2214 482 2268 Maximo
507 2214 620 2269 fluxisse
638 2216 785 2270 Muellerus
810 2216 871 2270 loco
894 2232 927 2270 ex
952 2216 1010 2269 vita
1034 2215 1112 2269 Olod.
1136 2214 1199 2268 Alb.
1224 2215 1292 2282 XII,
1313 2215 1346 2268 14

256 2302 353 2368 allato,
373 2318 407 2355 ex
433 2317 487 2369 quo
515 2303 605 2357 elucet
629 2303 780 2370 praecipue
798 2303 874 2356 illum
897 2304 924 2356 in
944 2303 1134 2357 crudelitatem
1154 2302 1255 2362 Severi,
1267 2301 1347 2355 vehe-

255 2389 422 2444 mentIssime
440 2390 580 2444 iuveetum
598 2406 675 2455 csse,
695 2388 839 2458 probabile
857 2389 988 2456 reddidit,
1008 2406 1070 2442 enm
1089 2389 1202 2443 dubium
1227 2405 1280 2442 non
1304 2388 1348 2454 sit,

256 2476 321 2544 quin
346 2476 404 2541 ille,
424 2475 467 2528 cui
493 2476 585 2528 aditus
611 2476 647 2529 ad
671 2481 784 2528 senatus
810 2481 873 2528 acta
897 2475 1034 2542 patuerit,
1058 2476 1167 2530 nomina
1194 2476 1348 2529 occisorum

255 2568 385 2617 accurate
409 2562 528 2630 prodere
553 2567 581 2615 et
605 2562 729 2629 potuerit
753 2567 780 2614 et
798 2560 926 2614 voluerit.
963 2561 1032 2614 Item
1052 2561 1169 2614 alterum
1188 2562 1349 2615 continuum

256 2656 418 2716 excerptum
436 2649 497 2715 XV,
517 2648 657 2714 l—XVII,
676 2648 701 2714 4,
715 2647 761 2702 ubi
780 2653 907 2700 narratur
921 2646 1054 2700 Severum
1073 2647 1110 2700 ad
1128 2647 1229 2700 bellum
1242 2647 1348 2700 Parthi-

258 2753 319 2789 cum
343 2735 499 2806 profectum
518 2736 626 2804 Syriam
651 2735 686 2788 ab
711 2734 837 2788 hostibus
862 2734 994 2788 liberasse
1018 2734 1168 2801 simulque,
1194 2735 1259 2788 dum
1285 2734 1351 2788 belli

257 2828 353 2875 contra
371 2821 489 2874 Parthos
507 2822 625 2889 parandi
644 2836 729 2874 causa
748 2821 785 2874 ibi
803 2827 931 2874 versatus
952 2826 1040 2888 esset,
1059 2822 1262 2876 Pescennianas
1288 2822 1349 2875 reli·

256 2909 335 2976 quias
353 2907 478 2962 funditus
498 2908 670 2973 exstinxisse,
690 2907 789 2962 deinde
808 2912 915 2962 aestate
935 2914 1052 2960 excunte
1070 2909 1099 2961 in
1111 2909 1252 2963 Parthiam
1271 2910 1347 2963 inva-

255 2995 326 3049 sisse
351 3001 412 3060 etc,
436 3011 497 3048 cum
516 2995 583 3060 XV,
608 2994 802 3048 Gnoruinatim
827 2994 906 3047 testis
931 2994 1100 3062 advocetur,
1119 3013 1172 3048 non
1191 2996 1289 3051 dubito
1315 2996 1350 3050 ad

255 3082 371 3136 Marium
384 3081 532 3136 Maximum
550 3081 662 3148 referre,
682 3081 806 3149 exceptis
822 3086 929 3135 tantum
945 3081 1021 3136 hisce
1041 3082 1133 3136 verbis
1154 3084 1288 3149 ,eundem
1301 3082 1349 3145 (sc.

255 3168 365 3234 Getam)
390 3167 576 3236 Antoninum,
601 3175 633 3222 ut
659 3169 784 3237 plerique
811 3169 839 3222 in
866 3169 973 3222 litteras
1002 3169 1132 3236 tradunt,
1161 3168 1349 3238 appellantes“

255 3255 341 3323 (XVI,
360 3256 396 3323 4),
416 3272 487 3324 quae
506 3256 679 3324 Spartianus,
697 3261 729 3309 ut
747 3256 808 3323 ipse
826 3255 982 3323 profitetur,
1001 3255 1112 3309 aliunde
1131 3257 1293 3325 repetivit³).

327 3395 343 3446 1)
358 3397 390 3436 Ea
404 3397 503 3446 epistula,
517 3405 572 3444 quae
587 3396 610 3433 in
624 3395 662 3434 vit,
678 3393 736 3433 Clod.
752 3393 801 3433 Alb.
813 3395 916 3433 inseritur
931 3394 990 3445 (XII,
1005 3393 1093 3445 5-12),
1107 3397 1257 3435 cernmeuticla
1271 3401 1311 3446 est,
1326 3400 1351 3434 ut

360 3466 455 3514 proclive
470 3469 502 3504 est
516 3466 621 3514 probatu3
642 3464 777 3513 consideres,
792 3475 884 3513 qrraeso,
898 3465 966 3504 haece
982 3466 1036 3516 XII,
1052 3466 1062 3502 7
1077 3467 1174 3513 „tantrnn
1188 3466 1231 3503 olei
1246 3469 1350 3513 qrrantum

362 3547 434 3574 rerum
450 3540 528 3574 natrrra
541 3536 579 3574 vix
593 3532 682 3574 habuit“
701 3545 727 3583 „a
741 3533 803 3572 ruatis
816 3535 936 3580 tyrannicis
955 3531 1061 3573 liberavi“
1076 3537 1129 3582 etas
1151 3536 1216 3582 plane
1237 3535 1350 3572 ruriculam
1387 3557 1389 3562 ,

361 3609 407 3656 est,
428 3605 484 3652 quod
498 3609 572 3644 auctor
586 3605 649 3642 huius
664 3605 769 3651 epistulas
783 3604 888 3643 Severum
904 3606 972 3652 ruagIs
987 3605 1051 3643 etiam
1066 3609 1193 3652 qrrereutcm
1208 3604 1272 3653 iacit,
1293 3601 1350 3650 quod

360 3679 472 3714 senatores
485 3673 589 3713 Albinum
604 3677 693 3722 prepter
706 3674 827 3712 litterarum
842 3673 914 3712 studia
927 3673 1065 3713 laudaverint
1081 3673 1145 3724 (XII,
1168 3675 1192 3710 12
1209 3670 1263 3721 sq.);
1285 3673 1350 3718 plane

363 3755 490 3792 perversum
505 3748 569 3792 atquc
585 3746 683 3792 ineptum
697 3747 741 3794 cst,
756 3743 812 3790 qnod
826 3743 921 3782 Severus
939 3743 1043 3782 Albinum
1063 3748 1087 3782 ut
1100 3743 1180 3781 Afrum
1195 3743 1351 3790 contempsisse

364 3815 443 3852 dicitnr
457 3811 519 3862 (XII,
534 3811 562 3864 8),
577 3825 625 3852 eum
640 3824 703 3851 nemo
718 3813 805 3862 nesciat,
820 3813 924 3852 Severum
939 3814 1009 3861 ipsum
1023 3824 1050 3851 er
1060 3811 1135 3851 Africa
1149 3811 1263 3849 oriundum
1276 3811 1352 3862 irrisae,

364 3883 465 3923 Ceterum
480 3884 502 3921 in
517 3884 555 3921 vit.
567 3883 626 3922 Pesc.
642 3886 664 3920 et
673 3881 747 3920 Albini
762 3883 842 3920 multae
857 3883 942 3921 litterae
957 3881 1060 3921 confictae
1074 3882 1136 3920 nobis
1146 3884 1266 3930 occurrunt,
1281 3881 1351 3920 veluti

361 3955 398 3992 vit.
413 3953 473 3992 Pesc.
488 3953 529 4001 111,
544 3955 562 4002 9,
577 3953 636 3992 Gled.
653 3952 702 3991 Alb.
717 3950 777 4002 XIV,
795 3952 813 3991 4.

328 4021 346 4072 2)
362 4023 419 4062 Cass.
435 4022 478 4060 Dio
494 4023 506 4060 l.
523 4021 554 4072 75,
568 4025 589 4073 8,
605 4024 662 4062 3-4.

327 4091 345 4142 ³)
361 4093 386 4131 In
401 4091 573 4131 cohaerendum
587 4103 630 4131 nou
645 4094 685 4141 cst,
702 4101 750 4128 cnm
765 4091 819 4128 tales
833 4089 927 4128 fontium
942 4091 1088 4129 dissensiones
1102 4089 1190 4140 penitus
1203 4089 1351 4138 compilatoris

361 4161 477 4200 memoriae
492 4161 611 4201 inhaesisse
628 4160 755 4210 videantur,
779 4163 802 4197 ut
816 4164 908 4208 apparet
922 4170 949 4198 ex
964 4160 1031 4198 Hadr.
1046 4159 1083 4198 vit.
1098 4157 1179 4207 XXIV,
1201 4159 1252 4197 3-5
1267 4162 1289 4197 et
1302 4157 1351 4197 Sev.

358 4233 395 4270 vit.
410 4229 437 4282 X,
451 4229 502 4268 4-6
517 4233 538 4269 et
551 4231 625 4270 multis
639 4233 759 4268 ceterorum
774 4229 867 4268 vitarum
881 4230 941 4268 loeis.
